Org Name,EIN,Current FY Start,Current FY End,Ruling Year,Form Year,Form Type,Address Line 1,Address Line 2,City,State,County,Zip,Org Phone Number,Web Address,IRS Subsection,Subject Area 1,Subject Area 2,Subject Area 3,NTEE Code,NAICS Code,SIC Code1,SIC Code2,Audit Required?,Has filed 990T?,Paid Preparer Firm Name,Link to GS Profile Page,Link to most recent Form 990,Total Assets,Cash & Equivalent,Investments Securities,Net Assets,Temporarily Restricted Net Assets,Permanently Restricted Net Assets,Unrestricted Net Assets,Total Revenue,Gross Receipts,Investment Income,Total Contributions,Government Grants,Special Events,Sales,Program Services Revenue,Total Liabilities,Loans and Notes,Tax-Exempt Bond Liabilities,Total Expenses,Total Program Expenses,Total Administrative Expenses,Total Fundraising Expenses,Accounting Fees,Advertising Expenses,Information Technology Expenses,Insurance Expenses,Interest Expenses,Investment Management Fees,Legal Fees,Pension Plan Contributions   Employee Benefits,Printing and Publications,Professional Fundraising Expenses,Principal Officer,Org Leader,Primary Contact Name,Primary Contact Title,Primary Contact Email,Number of Employees
1-AAA Win Win Opportunities Inc,01-0650618,,,2002,,,37255 Mission Blvd,,Fremont,CA,Alameda,94536,,,501(c)(3) Private Nonoperating Foundation,Human services,,,P20 (Human Service Organizations),624190,8322,,,,,http://www.guidestar.org/profile/01-0650618,http://www.guidestar.org/FinDocuments/2005/010/650/2005-010650618-0278467d-Z.pdf,,,,,,,,,,,,,,,,,,,,,,,,,,,,,,,,,,,,,,
1-800 American Free Trade Association Inc,01-0675449,1/1/2016,12/31/2016,2003,2016,990EZ,PO Box 2203,,South Burlington,VT,Chittenden,05407,,,"501(c)(6) (Business Leagues, etc.)",Business promotion,,,S41 (Promotion of Business (Chambers of Commerce)),813910,8611,8699,,,McLaughlin Accounting Services PC,http://www.guidestar.org/profile/01-0675449,http://www.guidestar.org/FinDocuments/2016/010/675/2016-010675449-0e1b232f-ZO.pdf,$0 ,$0 ,,$0 ,,,,,$0 ,,,,,,,$0 ,,,$679 ,,,,,,,,,,,,,,,,,,,
101 Artists Colony,01-0706635,,,2003,,,1106 2nd St Ste 125,,Encinitas,CA,San Diego,92024,,,501(c)(4) (Civic Leagues and Social Welfare Organizations),Arts and culture,,,"A20 (Arts, Cultural Organizations - Multipurpose)",71,,,,,,http://www.guidestar.org/profile/01-0706635,http://www.guidestar.org/FinDocuments/2008/010/706/2008-010706635-04c7c484-ZO.pdf,,,,,,,,,,,,,,,,,,,,,,,,,,,,,,,,,,,,,,
1 Worldly Wise Language & Culture Organization,01-0737986,,,2002,,,1801 Hwy 50 East Ste I,,Carson City,NV,Carson City,89701,,,501(c)(3) Private Nonoperating Foundation,Cultural awareness,,,"A23 (Cultural, Ethnic Awareness)",71,,,,,,http://www.guidestar.org/profile/01-0737986,,,,,,,,,,,,,,,,,,,,,,,,,,,,,,,,,,,,,,,
100 Swasey Torrey American Legion Auxillary,01-6018584,,,2019,,,PO Box 117,,Dixfield,ME,Oxford,04224,,,501(c)(19) (Post or Organizations of War Veterans),Special population support,,,W30 (Military/Veterans' Organizations),813410,8641,8699,,,,http://www.guidestar.org/profile/01-6018584,,,,,,,,,,,,,,,,,,,,,,,,,,,,,,,,,,,,,,,
0020 Me AMVETS,01-6019051,,,1945,,,256 River Rd,,Arundel,ME,York,04046,,,501(c)(19) (Post or Organizations of War Veterans),Special population support,,,W30 (Military/Veterans' Organizations),813410,8641,8699,,,,http://www.guidestar.org/profile/01-6019051,,,,,,,,,,,,,,,,,,,,,,,,,,,,,,,,,,,,,,,
101 Enterprises Foundation,02-0713867,8/1/2018,7/31/2019,2004,2018,990EZ,PO Box 45143,,Los Angeles,CA,Los Angeles,90045,,101ENTERPRISESFOUNDATION.ORG,501(c)(3) Public Charity,Crime prevention,,,I21 (Delinquency Prevention),624110,8322,,,,KENNETH D SMITH ACCOUNTING & TAX SERVICE,http://www.guidestar.org/profile/02-0713867,http://www.guidestar.org/FinDocuments/2018/020/713/2018-020713867-1046fb26-Z.pdf,"$64,785 ","$64,785 ",,"$64,785 ",,,,"$130,316 ","$130,316 ",,"$130,316 ",,,,,,,,"$116,791 ",,,,,,,,,,,,$90 ,,,,,,,
1 Barre VT,03-0183799,,,1972,,,1338 Military St,,Port Huron,MI,Saint Clair,48060,,,501(c)(8) (Fraternal Beneficiary Societies),Insurance,,,Y20 (Insurance Providers/Services (other than Health)),52411,,,,,,http://www.guidestar.org/profile/03-0183799,,,,,,,,,,,,,,,,,,,,,,,,,,,,,,,,,,,,,,,
100 Black Men of Eastern North Carolina,03-0419205,,,2004,,,3005 Ellsworth Dr,,Greenville,NC,Pitt,27834,,,501(c)(3) Public Charity,Community service,,,S82 (Men's Service Clubs),813410,8641,8699,,,,http://www.guidestar.org/profile/03-0419205,,,,,,,,,,,,,,,,,,,,,,,,,,,,,,,,,,,,,,,
100 Black Men of Greater Fort Lauderdale Inc,03-0504435,1/1/2018,12/31/2018,2003,2018,990,10097 Cleary Blvd,,Plantation,FL,Broward,33324,,WWW.100BLACKMENGFL.ORG,501(c)(3) Public Charity,Community service,,,S82 (Men's Service Clubs),813410,8641,8699,N,,TRIMERGE CONSULTING GROUP PA,http://www.guidestar.org/profile/03-0504435,http://www.guidestar.org/FinDocuments/2018/030/504/2018-030504435-11286d9d-9.pdf,"$57,733 ","$57,703 ",,"$57,733 ",,,"$57,733 ","$34,606 ","$34,606 ",,"$34,606 ",,,,,$0 ,$0 ,,"$50,267 ","$48,243 ","$2,024 ",$0 ,,$179 ,,,,,,,,,,,,,,0
101St Infantry Veterans Association Inc,04-2680019,,,2013,,,17 Lilac Ln,,Weymouth,MA,Norfolk,02188,,,501(c)(19) (Post or Organizations of War Veterans),Special population support,,,W30 (Military/Veterans' Organizations),813410,8641,8699,,,,http://www.guidestar.org/profile/04-2680019,http://www.guidestar.org/FinDocuments/2014/042/680/2014-042680019-0a9ec3c1-ZO.pdf,,,,,,,,,,,,,,,,,,,,,,,,,,,,,,,,,,,,,,
104Th Us Infantry Veterans Aef Association Inc,04-2769496,,,1983,,,8 Cook St,,Holyoke,MA,Hampden,01040,,,501(c)(19) (Post or Organizations of War Veterans),Special population support,,,W30 (Military/Veterans' Organizations),813410,8641,8699,,,,http://www.guidestar.org/profile/04-2769496,,,,,,,,,,,,,,,,,,,,,,,,,,,,,,,,,,,,,,,
101St Airborne Division Association New England Chapter Inc,04-3043593,1/1/2019,12/31/2019,2016,2019,990EZ,14 Sherman Rd,,Millis,MA,Norfolk,02054,508-376-8030,,501(c)(19) (Post or Organizations of War Veterans),Diseases and conditions,,,"G99 (Diseases, Disorders, Medical Disciplines N.E.C.)",813212,8399,,,N,,http://www.guidestar.org/profile/04-3043593,http://www.guidestar.org/FinDocuments/2017/043/043/2017-043043593-0f42317f-ZO.pdf,"$2,481 ","$2,481 ",,"$2,481 ",,,,"$1,379 ",,,"$1,249 ",,,$130 ,,$0 ,,,"$1,288 ",,,,,,,,,,,,$108 ,,,,,,,
100 Percent Charity Inc,04-3332128,,,1996,,,4 Longfellow Pl Apt 3805,,Boston,MA,Suffolk,02114,,,501(c)(3) Private Nonoperating Foundation,Foundations,,,T70 (Fund Raising Organizations That Cross Categories includes Community Funds/Trusts and Federated Giving Programs) e.g. United Way),813219,8399,,,,,http://www.guidestar.org/profile/04-3332128,http://www.guidestar.org/FinDocuments/2001/043/332/2001-043332128-1-F.pdf,,,,,,,,,,,,,,,,,,,,,,,,,,,,,,,,,,,,,,
1-110Th Cavalry Association Inc,04-3335749,,,2004,,,23 Whitney St,,Saugus,MA,Essex,01906,,,501(c)(4) (Civic Leagues and Social Welfare Organizations),Special population support,,,W30 (Military/Veterans' Organizations),813410,8641,8699,,,,http://www.guidestar.org/profile/04-3335749,http://www.guidestar.org/FinDocuments/2007/043/335/2007-043335749-0411fca0-ZO.pdf,,,,,,,,,,,,,,,,,,,,,,,,,,,,,,,,,,,,,,
103Rd Electricians Pipe & Drum Band Inc,04-3494333,,,2000,,,256 Freeport St,,Dorchester,MA,Suffolk,02122,,,501(c)(3) Public Charity,Musical ensembles and groups,,,"A6C (Music Groups, Bands, Ensembles)",711130,7929,,,,,http://www.guidestar.org/profile/04-3494333,http://www.guidestar.org/FinDocuments/2006/043/494/2006-043494333-031c3969-9.pdf,,,,,,,,,,,,,,,,,,,,,,,,,,,,,,,,,,,,,,
102 Club New England Power Service CO Construction Depart Health & Be,04-6168174,,,1969,,,904 Hartford Tpke,,Shrewsbury,MA,Worcester,01545,,,501(c)(9) (Employees Associations),Engineering,,,U42 (Engineering),54171,,,,,,http://www.guidestar.org/profile/04-6168174,,,,,,,,,,,,,,,,,,,,,,,,,,,,,,,,,,,,,,,
100 Black Men of Tampa Bay Inc,05-0598851,1/1/2014,12/31/2014,2004,2014,990EZ,PO Box 22461,,Tampa,FL,Hillsborough,33622,,WWW100MTB.ORG,501(c)(3) Public Charity,Community service,,,S82 (Men's Service Clubs),813410,8641,8699,,,THE HOUSE OF TAXES LLC,http://www.guidestar.org/profile/05-0598851,http://www.guidestar.org/FinDocuments/2014/050/598/2014-050598851-0b95adfc-Z.pdf,"$25,437 ","$25,437 ",,"$25,437 ",,,,"$15,513 ","$15,513 ",,"$15,513 ",,,,,$0 ,,,"$21,882 ",,,,,,,,,,,,$275 ,,,,,,,
102Nd Infantry Division Association,06-0934008,,,1982,,,2322 Tanglewood Dr,,Toledo,OH,Lucas,43614,,,501(c)(19) (Post or Organizations of War Veterans),Public administration,,,W20 (Government and Public Administration),813410,8641,8699,,,,http://www.guidestar.org/profile/06-0934008,http://www.guidestar.org/FinDocuments/2010/060/934/2010-060934008-0682704c-ZO.pdf,,,,,,,,,,,,,,,,,,,,,,,,,,,,,,,,,,,,,,
102nd Infantry Regiment Museum Inc.,06-1354580,,,1995,,,30 Hood Ter,,West Haven,CT,New Haven,06516,(203) 934-1111,www.whmilmuseum.org,501(c)(3) Public Charity,Commemorations,Education services,Special population support,A84 (Commemorative Events),712120,8412,,,,,http://www.guidestar.org/profile/06-1354580,,,,,,,,,,,,,,,,,,,,,,,,,,,,,,,,,,,Frank Chasney ,Arlene DeGrand Painter ,Manager,arlenepainter@cox.net,
100 Black Men of Stamford Inc,06-1367429,1/1/2018,12/31/2018,1994,2018,990EZ,PO Box 1313,,Stamford,CT,Fairfield,06904,914-909-4952,WWW.100BMOS.COM,501(c)(3) Public Charity,Community service,,,S82 (Men's Service Clubs),813410,8641,8699,,,MARKS PANETH LLP,http://www.guidestar.org/profile/06-1367429,http://www.guidestar.org/FinDocuments/2018/061/367/2018-061367429-17162688-Z.pdf,"$42,857 ","$42,857 ",,"$42,857 ",,,,"$112,118 ","$112,118 ",,"$112,118 ",,,,,$0 ,,,"$90,760 ",,,,,,,,,,,,,,,,,,,
100 Black Men of Bridgeport Inc,06-1432160,,,1996,,,145 Griffin Ave,,Bridgeport,CT,Fairfield,06606,,,501(c)(3) Private Nonoperating Foundation,Community service,,,S82 (Men's Service Clubs),813410,8641,8699,,,,http://www.guidestar.org/profile/06-1432160,,,,,,,,,,,,,,,,,,,,,,,,,,,,,,,,,,,,,,,
102D Infantry Regiment Association Inc,06-1465130,,,1999,,,142 Westville Avenue Ext,,Danbury,CT,Fairfield,06811,,,501(c)(19) (Post or Organizations of War Veterans),Special population support,,,W30 (Military/Veterans' Organizations),813410,8641,8699,,,,http://www.guidestar.org/profile/06-1465130,,,,,,,,,,,,,,,,,,,,,,,,,,,,,,,,,,,,,,,
1-By-1,06-1686521,,,2003,,,PO Box 7775,,San Francisco,CA,San Francisco,94120,,,501(c)(3) Public Charity,Homeless shelters,,,L41 (Temporary Shelter For the Homeless),624221,8322,,,,,http://www.guidestar.org/profile/06-1686521,http://www.guidestar.org/FinDocuments/2010/061/686/2010-061686521-076a6c8e-Z.pdf,,,,,,,,,,,,,,,,,,,,,,,,,,,,,,,,,,,,,,
100 Men Who Care Inc,06-1791428,1/1/2016,12/31/2016,2013,2016,990,300 E 12th Ave,,Pine Bluff,AR,Jefferson,71601,870-535-6469,,501(c)(3) Public Charity,Youth organizing,,,O50 (Youth Development Programs),813410,8641,8699,,N,,http://www.guidestar.org/profile/06-1791428,http://www.guidestar.org/FinDocuments/2016/061/791/2016-061791428-0edb679c-9.pdf,"$2,297 ","$2,297 ",$0 ,"$2,297 ",,,,$587 ,$587 ,$0 ,$587 ,$0 ,$0 ,$0 ,$0 ,$0 ,$0 ,$0 ,,,,,,,,,,,,,,,Clifton Oneal,,,,,
1049 Management Corporation,11-2170742,1/1/2018,12/31/2018,2009,2018,990EZ,100 Corporate Dr,,Holtsville,NY,Suffolk,11742,631-234-1800,www.ibew1049.org,501(c)(2) (Title Holding Corporation),Real estate,,,S47 (Real Estate Organizations),531390,6531,,,N,Gould Kobrick & Schlapp PC,http://www.guidestar.org/profile/11-2170742,http://www.guidestar.org/FinDocuments/2018/112/170/2018-112170742-17039526-ZO.pdf,$76 ,$76 ,,$76 ,,,,$0 ,,,,,,,,,,,,,,,,,,,,,,,,,,,,,,
104Th Precinct Youth Council,11-2661625,,,1991,,,6459 Cooper Ave,,Glendale,NY,Queens,11385,,,501(c)(3) Public Charity,Youth services,,,O23 (Boys and Girls Clubs (Combined)),624110,8322,,,,,http://www.guidestar.org/profile/11-2661625,http://www.guidestar.org/FinDocuments/2005/112/661/2005-112661625-0295c06d-Z.pdf,,,,,,,,,,,,,,,,,,,,,,,,,,,,,,,,,,,,,,
1056 Equities Inc,11-2786116,1/1/2018,12/31/2018,1986,2018,990,21112 Union Tpke,,Oakland Gardens,NY,Queens,11364,718-949-6444,,501(c)(2) (Title Holding Corporation),Real estate,,,S47 (Real Estate Organizations),531390,6531,,N,,Howard L. Werbrock CPA,http://www.guidestar.org/profile/11-2786116,http://www.guidestar.org/FinDocuments/2018/112/786/2018-112786116-17006529-9O.pdf,"$2,940,345 ","$45,799 ",,"($74,087)",,,,$129 ,$129 ,$129 ,,,,,,"$3,105,174 ","$3,096,134 ",,"$172,273 ","$172,273 ",$0 ,$0 ,"$1,000 ",,,"$1,771 ","$56,506 ",,,,,,MARK HENRY,,,,,0
005-517 Mary G Clarkson PTA,11-3017478,,,1954,,,1415 E 3rd Ave,,Bay Shore,NY,Suffolk,11706,,,501(c)(3) Public Charity,Parent-teacher involvement,,,B94 (Parent Teacher Group),813410,8641,8699,,,,http://www.guidestar.org/profile/11-3017478,,,,,,,,,,,,,,,,,,,,,,,,,,,,,,,,,,,,,,,
1049 Local Craft Div Skill Improvem,11-3078707,1/1/2018,12/31/2018,2016,2018,990,100 Corporate Dr,,Holtsville,NY,Suffolk,11742,631-234-1803,WWW.IBEW1049.ORG,501(c)(3) Public Charity,Vocational education,,,A40 (Visual Arts Organizations),71,,,N,N,Gould Kobrick & Schlapp PC,http://www.guidestar.org/profile/11-3078707,http://www.guidestar.org/FinDocuments/2018/113/078/2018-113078707-17146256-9.pdf,"$11,697,223 ","$1,376,976 ","$9,864,270 ","$11,550,519 ",,,,"$3,241,878 ","$4,995,976 ","$176,492 ",$0 ,,$0 ,$0 ,"$2,801,984 ","$146,704 ",$0 ,,"$2,128,632 ","$1,899,896 ","$228,736 ",$0 ,"$20,872 ",$0 ,"$17,833 ","$13,429 ",$0 ,$0 ,"$6,603 ","$3,829 ",,$0 ,RONALD BAUER,,,,,17
100 Black Women of Long Island Foundation Inc,11-3101805,,,1995,,,200 E Pennywood Ave,,Roosevelt,NY,Nassau,11575,,,501(c)(3) Public Charity,Community service,,,S81 (Women's Service Clubs),813410,8641,8699,,,,http://www.guidestar.org/profile/11-3101805,http://www.guidestar.org/FinDocuments/2005/113/101/2005-113101805-020e43bd-Z.pdf,,,,,,,,,,,,,,,,,,,,,,,,,,,,,,,,,,,,,,
1 in 9 the Long Island Breast Cancer Action Coalition,11-3195645,,,1994,,,86 E Rockaway Rd,,Hewlett,NY,Nassau,11557,(516) 374-3190,www.hewletthouse.org,501(c)(3) Public Charity,Human services,Public health,Cancers,G30 (Cancer),813212,8399,,,,,http://www.guidestar.org/profile/11-3195645,http://www.guidestar.org/FinDocuments/2006/113/195/2006-113195645-0429c694-9.pdf,,,,,,,,,,,,,,,,,,,,,,,,,,,,,,,,,,Mrs. Geri Barish ,Geri Barish ,,info@1in9.org,
100Th Precinct Community Council Inc,11-3217458,,,1996,,,PO Box 940626,,Rockaway Park,NY,Queens,11694,,,501(c)(3) Public Charity,Community and economic development,,,"S99 (Community Improvement, Capacity Building N.E.C.)",813410,8641,8699,,,,http://www.guidestar.org/profile/11-3217458,,,,,,,,,,,,,,,,,,,,,,,,,,,,,,,,,,,,,,,
1040 Kids Inc,11-3448930,,,1999,,,1040 Waverly Ave Stop 630,,Holtsville,NY,Suffolk,11742,,,501(c)(3) Public Charity,Child care,,,P33 (Child Day Care),624410,8351,,,,,http://www.guidestar.org/profile/11-3448930,http://www.guidestar.org/FinDocuments/2014/113/448/2014-113448930-0b5dcdc9-Z.pdf,,,,,,,,,,,,,,,,,,,,,,,,,,,,,,,,,,,,,,
00 Debt Inc,11-3547064,,,2001,,,2930 Wynsum Ave,,Merrick,NY,Nassau,11566,,,501(c)(3) Private Nonoperating Foundation,Financial counseling,,,"P51 (Financial Counseling, Money Management)",624190,8322,,,,,http://www.guidestar.org/profile/11-3547064,,,,,,,,,,,,,,,,,,,,,,,,,,,,,,,,,,,,,,,
100 Miles Off-Broadway Inc,11-3597716,,,2002,,,347 W Olive St,,Long Beach,NY,Nassau,11561,,,501(c)(3) Public Charity,Dance,,,A62 (Dance),711120,7922,,,,,http://www.guidestar.org/profile/11-3597716,,,,,,,,,,,,,,,,,,,,,,,,,,,,,,,,,,,,,,,
100 Black Men of L I Development Corp,11-3617702,,,2002,,,9 Centre St,,Hempstead,NY,Nassau,11550,,,501(c)(2) (Title Holding Corporation),Community service,,,S47 (Real Estate Organizations),531390,6531,,,,,http://www.guidestar.org/profile/11-3617702,http://www.guidestar.org/FinDocuments/2006/113/617/2006-113617702-037df12b-9O.pdf,,,,,,,,,,,,,,,,,,,,,,,,,,,,,,,,,,,,,,
010-323 Franklin Elem School PTA,11-6037894,,,1954,,,335 S Franklin St,,Hempstead,NY,Nassau,11550,,,501(c)(3) Public Charity,Parent-teacher involvement,,,B94 (Parent Teacher Group),813410,8641,8699,,,,http://www.guidestar.org/profile/11-6037894,,,,,,,,,,,,,,,,,,,,,,,,,,,,,,,,,,,,,,,
10 Orchard Street Housing Development Fund CO Inc,13-2683270,5/1/2018,4/30/2019,1984,2018,990EZ,C/O CHMC 5 WEST MAIN STREET,,ELMSFORD,NY,Westchester,10523,914-592-5434,N/A,501(c)(3) Public Charity,Housing development,,,"L20 (Housing Development, Construction, Management)",624229,8322,,,N,PALMETTO MOLLO MOLINARO & PASSARELLO LLP,http://www.guidestar.org/profile/13-2683270,http://www.guidestar.org/FinDocuments/2019/132/683/2019-132683270-1116d2fb-Z.pdf,"$257,089 ","$195,896 ",,"$244,979 ",,,,"$129,167 ","$129,167 ",$102 ,"$67,127 ",,,,"$61,938 ","$12,110 ",,,"$81,192 ",,,,,,,,,,,,,,,,,,,
101St Street Parents Development Fund,13-2769013,,,1974,,,251 W 100th St,,New York,NY,New York,10025,,,501(c)(3) Public Charity,Foundations,,,T20 (Private Grantmaking Foundations),813211,6732,,,,,http://www.guidestar.org/profile/13-2769013,,,,,,,,,,,,,,,,,,,,,,,,,,,,,,,,,,,,,,,
1023 Longwood Avenue Housing Development Fund Corporation,13-3147136,7/1/2008,6/30/2009,1988,2008,990EZ,5925 Broadway,,Bronx,NY,Bronx,10463,,,501(c)(3) Public Charity,Housing development,,,"L20 (Housing Development, Construction, Management)",624229,8322,,,,,http://www.guidestar.org/profile/13-3147136,http://www.guidestar.org/FinDocuments/2012/133/147/2012-133147136-094f97a0-Z.pdf,"$121,677 ","$64,632 ",,"($57,038)",,,,"$154,844 ","$154,844 ",$0 ,$0 ,,$0 ,$0 ,"$154,844 ","$178,715 ",,,"$213,254 ",,,,,,,,,,,,$0 ,,,,,,,
"I Have A Dream"" Foundation""",13-3355315,9/1/2017,8/31/2018,1995,2017,990,322 8th Ave Ste 202,,New York,NY,New York,10001,(212) 22935484,www.ihavedreamfoundation.org,501(c)(3) Public Charity,Elementary and secondary education,Education services,Youth organizing,O50 (Youth Development Programs),813410,8641,8699,N,Y,SCHWARTZ & COMPANY LLP,http://www.guidestar.org/profile/13-3355315,http://www.guidestar.org/FinDocuments/2018/133/355/2018-133355315-11103606-9.pdf,"$3,183,897 ","$468,718 ","$2,536,412 ","$2,812,977 ","$2,559,220 ",,"$253,757 ","$1,673,033 ","$4,065,880 ","$82,040 ","$848,333 ",,"$608,953 ",,"$72,429 ","$370,920 ",$0 ,,"$2,911,790 ","$2,035,272 ","$435,630 ","$440,888 ","$79,366 ",,,"$36,437 ",,,"$160,343 ",,,,LLEWELLYN HADEN,Mrs. Eugena Oh ,Ms. Tamara Tucker ,Senior Director of Development ,ttucker@ihaveadreamfoundation.org,17
10 Penny Productions Inc,13-3634904,,,1992,,,51 W 81st St Apt 2a,,New York,NY,New York,10024,,,501(c)(3) Private Nonoperating Foundation,Performing arts,,,A60 (Performing Arts),7111,,,,,,http://www.guidestar.org/profile/13-3634904,,,,,,,,,,,,,,,,,,,,,,,,,,,,,,,,,,,,,,,
1026-28 Cauldwell Avenue Housing Development Fund Corporation,13-3671908,,,1993,,,1199 Fulton Ave Apt 1b,,Bronx,NY,Bronx,10456,,,501(c)(3) Public Charity,Housing development,,,"L20 (Housing Development, Construction, Management)",624229,8322,,,,,http://www.guidestar.org/profile/13-3671908,http://www.guidestar.org/FinDocuments/2003/133/671/2003-133671908-1-9.pdf,,,,,,,,,,,,,,,,,,,,,,,,,,,,,,,,,,,,,,
100Th Street Concerts Association Incorporated,13-3679579,,,1992,,,164 West 1ooth Street,,New York,NY,New York,10009,,,501(c)(3) Private Nonoperating Foundation,Music,,,A68 (Music),711130,7929,,,,,http://www.guidestar.org/profile/13-3679579,,,,,,,,,,,,,,,,,,,,,,,,,,,,,,,,,,,,,,,
10 W 33 St Holding Corp,13-3732472,12/1/2018,11/30/2019,1993,2018,990,Wsb 1411 Broadway 9th Floor,,New York,NY,New York,10018,212-751-9100,N/A,501(c)(2) (Title Holding Corporation),Real estate,,,S47 (Real Estate Organizations),531390,6531,,,,WITHUMSMITHBROWN PC,http://www.guidestar.org/profile/13-3732472,http://www.guidestar.org/FinDocuments/2018/133/732/2018-133732472-10749177-9O.pdf,"$5,716,801 ",$0 ,$0 ,"$5,716,801 ",,,,"$857,238 ","$857,238 ",$0 ,$0 ,,$0 ,$0 ,$0 ,$0 ,$0 ,$0 ,"$853,875 ","$853,875 ",,,$0 ,$0 ,$0 ,$0 ,$0 ,$0 ,$0 ,$0 ,,$0 ,HIRSCHELL LEVINE,,,,,0
100 Hispanic Women Inc,13-3831889,1/1/2018,12/31/2018,1999,2018,990,413 E 120th St Ste 314,,New York,NY,New York,10035,845-893-1398,NANCYG100HW@GMAIL.COM,501(c)(3) Public Charity,Leadership development,Community and economic development,,"S80 (Community Service Clubs (Kiwanis, Lions, Jaycees, etc.))",813410,8641,8699,N,N,THOMAS L TORELLI CPA,http://www.guidestar.org/profile/13-3831889,http://www.guidestar.org/FinDocuments/2018/133/831/2018-133831889-16996492-9.pdf,"$288,008 ","$279,458 ",,"$288,008 ",,,,"$77,327 ","$77,327 ","$1,315 ","$76,012 ",,$0 ,$0 ,$0 ,$0 ,$0 ,,"$116,428 ","$116,428 ",$0 ,$0 ,$0 ,$0 ,$0 ,$899 ,$0 ,$0 ,$0 ,$0 ,,$0 ,NANCY GENOVA,,,,,0
1035 Broadway Housing Development Fund Company Inc,13-3870736,1/1/2018,12/31/2018,2014,2018,990,86 SMITH AVE,,MOUNT KISCO,NY,Westchester,10549,914-741-0740,N/A,501(c)(3) Public Charity,Housing development,Shelter and residential care,,L21 (Public Housing),531110,6513,6514,N,,NOVOGRADAC & COMPANY LLP,http://www.guidestar.org/profile/13-3870736,http://www.guidestar.org/FinDocuments/2018/133/870/2018-133870736-17114803-9.pdf,"$602,940 ","$81,650 ",,"($120,128)",,,,"$97,188 ","$97,188 ",$241 ,,,,,"$96,947 ","$723,068 ","$713,934 ",,"$109,803 ","$109,803 ",$0 ,$0 ,"$1,050 ",,,"$2,976 ","$22,825 ",,$615 ,,,,DEBBIE HAGLUND,,,,,0
100 East 182Nd Street Housing Development Fund Company Inc,13-3881096,1/1/2018,12/31/2018,2012,2018,990,2751 Grand Concourse,,Bronx,NY,Bronx,10468,718-367-3200,N/A,501(c)(3) Public Charity,Public housing,,,L21 (Public Housing),531110,6513,6514,N,,WITHUMSMITHBROWN PC,http://www.guidestar.org/profile/13-3881096,http://www.guidestar.org/FinDocuments/2018/133/881/2018-133881096-17032936-9.pdf,"$528,813 ","$33,694 ",$0 ,"$475,155 ",$0 ,$0 ,"$475,155 ","$363,181 ","$363,181 ",$0 ,$0 ,,$0 ,$0 ,"$363,181 ","$53,658 ",$0 ,$0 ,"$374,776 ","$355,944 ","$18,832 ",$0 ,$0 ,$0 ,$0 ,"$25,968 ",$0 ,$0 ,"$21,068 ",$0 ,,$0 ,JOHN M REILLY,,,,,0
1055 College Avenue Housing Development Fund Corp,13-3998578,1/1/2018,12/31/2018,1999,2018,990,660 E 183rd St,,Bronx,NY,Bronx,10458,718-295-2882,WWW.BELMONTARTHURLDC.COM,501(c)(3) Public Charity,Education,,,B11 (Single Organization Support),813219,8399,,N,,,http://www.guidestar.org/profile/13-3998578,http://www.guidestar.org/FinDocuments/2017/133/998/2017-133998578-1012c9bd-9.pdf,"$769,032 ","$503,040 ",$0 ,"$194,111 ",,,"$194,111 ","$301,280 ","$301,280 ",$147 ,$0 ,$0 ,$0 ,$0 ,"$301,133 ","$574,921 ",$0 ,,"$259,895 ","$200,614 ","$59,281 ",$0 ,"$2,748 ",$358 ,"$1,074 ","$10,006 ",$0 ,$0 ,"$10,007 ",$0 ,,$0 ,CONSOLATO CICCIU,,,,,0
1051 College Avenue Housing Development Fund Corp,13-3998583,1/1/2018,12/31/2018,1999,2018,990,660 E 183rd St,,Bronx,NY,Bronx,10458,718-295-2882,WWW.BELMONTARTHURLDC.COM,501(c)(3) Public Charity,Education,,,B11 (Single Organization Support),813219,8399,,N,,,http://www.guidestar.org/profile/13-3998583,http://www.guidestar.org/FinDocuments/2017/133/998/2017-133998583-1012c08d-9.pdf,"$437,632 ","$143,720 ",$0 ,"($139,538)",,,"($139,538)","$292,239 ","$292,239 ",$17 ,$0 ,$0 ,$0 ,$0 ,"$292,222 ","$577,170 ",$0 ,,"$276,516 ","$205,066 ","$71,450 ",$0 ,"$2,748 ",$358 ,"$1,074 ","$14,105 ",$0 ,$0 ,"$11,174 ",$0 ,,$0 ,,,,,,0
100 Who Care Inc,13-4068307,1/1/2018,12/31/2018,2000,2018,990,2708 40th Ave Fl 2,,Long Island City,NY,Queens,11101,212-465-8888,,501(c)(3) Public Charity,Foundations,,,T30 (Public Foundations),813211,6732,,N,,,http://www.guidestar.org/profile/13-4068307,http://www.guidestar.org/FinDocuments/2018/134/068/2018-134068307-10d0296a-9.pdf,"$78,911 ","$78,911 ",$0 ,"$78,818 ",,,,"$54,192 ","$116,275 ",$0 ,"$92,611 ",$0 ,"($38,419)",$0 ,$0 ,$93 ,$0 ,,"$49,811 ","$49,350 ",$0 ,$461 ,$0 ,$0 ,$0 ,$0 ,$0 ,$0 ,$0 ,$0 ,,$0 ,Kevin J Driscoll,,,,,0
10 East 15Th Street Realty Corporation,13-4090220,1/1/2010,12/31/2010,2000,2010,990,24-09 38th Aveli                    % Steven G Gilman,,Long Is City,NY,Queens,11101,212-691-4100,,501(c)(2) (Title Holding Corporation),Real estate,,,S47 (Real Estate Organizations),531390,6531,,N,,BUCHBINDER TUNICK & CO. LLP,http://www.guidestar.org/profile/13-4090220,http://www.guidestar.org/FinDocuments/2011/134/090/2011-134090220-08a7756d-ZO.pdf,"$37,305,755 ","$37,299,709 ",,"$37,286,264 ",,,"$37,286,264 ","$36,733,303 ","$37,324,357 ","$16,398 ",,,,,"$179,179 ","$19,491 ",$0 ,,"$270,801 ",,,,,,,,,,$901 ,,,,HARVEY S. MORGAN,,,,,0
100 Men of East Texas,13-4225990,,,2007,,,PO Box 172,,Carthage,TX,Panola,75633,,,501(c)(3) Public Charity,Human services,,,P20 (Human Service Organizations),624190,8322,,,,,http://www.guidestar.org/profile/13-4225990,,,,,,,,,,,,,,,,,,,,,,,,,,,,,,,,,,,,,,,
100 Blackmen of Monterey Peninsula,13-4342297,,,2008,,,1855 Broadway Dr,,Salinas,CA,Monterey,93906,,,501(c)(3) Public Charity,Youth organizing,,,O50 (Youth Development Programs),813410,8641,8699,,,,http://www.guidestar.org/profile/13-4342297,,,,,,,,,,,,,,,,,,,,,,,,,,,,,,,,,,,,,,,
1-3 Sh Fbo South Dover Baptist Church,13-6079774,,,1970,,,1 Wall St Ste 28th,,New York,NY,New York,10005,,,4947(a)(1) (Non-exempt charitable trust (Public Charity)),Protestantism,,,X21 (Protestant),813110,8661,,,,,http://www.guidestar.org/profile/13-6079774,http://www.guidestar.org/FinDocuments/2008/136/079/2008-136079774-056cf7b2-9O.pdf,,,,,,,,,,,,,,,,,,,,,,,,,,,,,,,,,,,,,,
1-3 Sh Fbo S Dover Methodist Church,13-6079775,1/1/2009,12/31/2009,1970,2009,990,PO Box 185,,Pittsburgh,PA,Allegheny,15230,412-234-1442,,4947(a)(1) (Non-exempt charitable trust (Public Charity)),Human services,,,P20 (Human Service Organizations),624190,8322,,,,PRICEWATERHOUSECOOPERS LLP,http://www.guidestar.org/profile/13-6079775,http://www.guidestar.org/FinDocuments/2009/136/079/2009-136079775-08ed9223-9O.pdf,$0 ,$0 ,$0 ,$0 ,,,,$0 ,$0 ,$0 ,$0 ,$0 ,$0 ,$0 ,$0 ,$0 ,$0 ,,$0 ,$0 ,$0 ,$0 ,$0 ,$0 ,$0 ,$0 ,$0 ,$0 ,$0 ,$0 ,,$0 ,,,,,,
100 Black Men of the Triad Inc,14-1839893,,,2004,,,1101 E Market St,,Greensboro,NC,Guilford,27401,,,501(c)(3) Public Charity,Community service,,,S82 (Men's Service Clubs),813410,8641,8699,,,,http://www.guidestar.org/profile/14-1839893,,,,,,,,,,,,,,,,,,,,,,,,,,,,,,,,,,,,,,,
101 East 69Th Street Conservancy,14-1996681,1/1/2018,12/31/2018,2007,2018,990,101 E 69th St,,New York,NY,New York,10021,212-734-5400,N/A,501(c)(3) Public Charity,Historical activities,,,A80 (Historical Societies and Related Activities),712120,8412,,N,,CONDON O'MEARA MCGINTY & DONNELLY LLP,http://www.guidestar.org/profile/14-1996681,http://www.guidestar.org/FinDocuments/2018/141/996/2018-141996681-17026924-9.pdf,"$171,867 ","$124,067 ",,"$165,867 ","$47,800 ",,"$118,067 ","$390,205 ","$406,275 ",$543 ,"$371,894 ",,"$17,768 ",,,"$6,000 ",$0 ,,"$758,425 ","$726,540 ","$30,801 ","$1,084 ","$6,850 ",,,,,,,,,,SAMUEL L MILBANK,,,,,0
100 Club of Buffalo Inc,16-0957291,1/1/2018,12/31/2018,1981,2018,990EZ,1967 Wehrle Dr Ste 1,Pmb 150,Buffalo,NY,Erie,14221,716-854-3130,WWW.100CLUBBUFFALO.ORG,501(c)(3) Public Charity,Public safety,,,M60 (Public Safety Benevolent Associations),813410,8641,8699,,,NOWICKI AND COMPANY LLP,http://www.guidestar.org/profile/16-0957291,http://www.guidestar.org/FinDocuments/2018/160/957/2018-160957291-17131554-Z.pdf,"$166,188 ","$166,188 ",,"$166,188 ",,,,"$49,292 ","$85,052 ",,"$19,300 ",,"$22,592 ",,"$7,400 ",,,,"$80,919 ",,,,,,,,,,,,,,,,,,,
1000 Islands Select Hockey Inc,16-1476575,,,1996,,,1350 Loomus Dr,,Watertown,NY,Jefferson,13601,,,501(c)(3) Private Nonoperating Foundation,Sports,,,"N60 (Amateur Sports Clubs, Leagues, N.E.C.)",713990,7911,7993,,,,http://www.guidestar.org/profile/16-1476575,http://www.guidestar.org/FinDocuments/2000/161/476/2000-161476575-1-9.pdf,,,,,,,,,,,,,,,,,,,,,,,,,,,,,,,,,,,,,,
0Swego County Deputies Association,16-1530784,1/1/2018,12/31/2018,2000,2018,990EZ,RR 481 Oswego Ny 13126-0918,,Oswego,NY,Oswego,13126,315-349-3336,N/A,"501(c)(5) (Labor, Agricultural and Horticultural Organizations)",Community improvement,,,"S20 (Community, Neighborhood Development, Improvement)",813410,8641,8699,,N,RJ CARUSO TAX & ACCOUNTING,http://www.guidestar.org/profile/16-1530784,http://www.guidestar.org/FinDocuments/2018/161/530/2018-161530784-10a64938-ZO.pdf,"$158,609 ","$158,609 ",,"$158,609 ",,,,"$63,698 ","$63,698 ",$416 ,"$63,282 ",,,,,,,,"$82,702 ",,,,,,,,,,,,$112 ,,,,,,,
1 World Foundation Inc,16-1574588,4/1/2018,3/31/2019,1999,2018,990EZ,Kingston Ontario K7m 8a6,,Canada,,,00000,613-548-4417,WWW.1WORLDFOUNDATION.INFO,501(c)(3) Public Charity,Philanthropy,,,T12 (Fund Raising and/or Fund Distribution),813219,8399,,,,BOWERS & COMPANY CPAS PLLC,http://www.guidestar.org/profile/16-1574588,http://www.guidestar.org/FinDocuments/2019/161/574/2019-161574588-1116dec9-Z.pdf,$0 ,,,$0 ,,,,,$0 ,,,,,,,$0 ,,,,,,,,,,,,,,,,,,,,,,
1000 Hills Ministry International,16-1639329,,,2004,,,4910 Bayou Vista Dr,,Houston,TX,Harris,77091,,,501(c)(3) Public Charity,Christianity,,,X20 (Christian),813110,8661,,,,,http://www.guidestar.org/profile/16-1639329,http://www.guidestar.org/FinDocuments/2007/161/639/2007-161639329-0418bdae-9.pdf,,,,,,,,,,,,,,,,,,,,,,,,,,,,,,,,,,,,,,
100 Club of Arkansas Inc,16-1716518,,,2005,,,2000 N Garland Ave Apt 79,,Fayetteville,AR,Washington,72703,,,501(c)(3) Public Charity,Law enforcement,,,I60 (Law Enforcement Agencies (Police Departments)),541199,7389,,,,,http://www.guidestar.org/profile/16-1716518,,,,,,,,,,,,,,,,,,,,,,,,,,,,,,,,,,,,,,,
1031 Community Theatre,16-1731096,,,2005,,,4413 NE 32nd Pl,,Portland,OR,Multnomah,97211,,,501(c)(3) Public Charity,Theater,,,A65 (Theater),711110,5812,7922,,,,http://www.guidestar.org/profile/16-1731096,,,,,,,,,,,,,,,,,,,,,,,,,,,,,,,,,,,,,,,
100 Black Men of Greater Beaumont Inc,16-1759421,,,2006,,,PO Box 6534,,Beaumont,TX,Jefferson,77725,,,501(c)(3) Public Charity,Community service,,,S82 (Men's Service Clubs),813410,8641,8699,,,,http://www.guidestar.org/profile/16-1759421,,,,,,,,,,,,,,,,,,,,,,,,,,,,,,,,,,,,,,,
1000 Islands Region Branch 302 Nalc,16-6090284,,,2014,,,PO Box 6472,,Watertown,NY,Jefferson,13601,,,"501(c)(5) (Labor, Agricultural and Horticultural Organizations)",Organized labor,,,J40 (Labor Unions/Organizations),813930,8631,,,,,http://www.guidestar.org/profile/16-6090284,,,,,,,,,,,,,,,,,,,,,,,,,,,,,,,,,,,,,,,
1040 Fund Inc,20-0041923,,,2004,,,100 Old Cherokee Rd,,Lexington,SC,Lexington,29072,,,501(c)(3) Public Charity,Film and video,,,X81 (Religious Film & Video),512110,7812,,,,,http://www.guidestar.org/profile/20-0041923,http://www.guidestar.org/FinDocuments/2006/200/041/2006-200041923-03531666-9.pdf,,,,,,,,,,,,,,,,,,,,,,,,,,,,,,,,,,,,,,
10 10 10,20-0332081,1/1/2017,12/31/2017,2004,2017,990,4625 W 50th Ave Apt 306,,Denver,CO,Denver,80212,303-901-1990,www.101010.net,501(c)(3) Public Charity,Natural resources,Community and economic development,,C60 (Environmental Education and Outdoor Survival Programs),712190,7999,8422,N,,The Accounting Department Inc,http://www.guidestar.org/profile/20-0332081,http://www.guidestar.org/FinDocuments/2017/200/332/2017-200332081-0f6f46d1-9.pdf,"$22,667 ","$22,667 ",,"$20,445 ",,,,"$303,412 ","$303,412 ",$3 ,"$299,910 ","$2,655 ",,,"$3,499 ","$2,222 ",$0 ,,"$526,105 ","$446,975 ","$54,294 ","$24,836 ","$2,608 ",,,,,,,,,,JEFFREY M NATHANSON,,,,,3
May-05,20-0364653,,,2005,,,5103 Hewitt Dr,% Tammy E Basnight,Fayetteville,NC,Cumberland,28311,(910) 309-1270,,501(c)(3) Public Charity,Arts and culture,Immigrant services,,"A20 (Arts, Cultural Organizations - Multipurpose)",71,,,,,,http://www.guidestar.org/profile/20-0364653,,,,,,,,,,,,,,,,,,,,,,,,,,,,,,,,,,,,Mrs. Tammy Basnight ,Owner,info@underonenationtribetradingpost.net,
1 2 3 Fresh Start Inc,20-0413012,,,2006,,,2135 N Towne Ct NE Apt 12,,Cedar Rapids,IA,Linn,52402,,,501(c)(3) Public Charity,Human services,,,P20 (Human Service Organizations),624190,8322,,,,,http://www.guidestar.org/profile/20-0413012,,,,,,,,,,,,,,,,,,,,,,,,,,,,,,,,,,,,,,,
1000 Friends of Connecticut,20-0554225,1/1/2008,12/31/2008,2004,2008,990EZ,PO Box 1988,,Hartford,CT,Hartford,06144,(860) 03671687,www.1000friends-ct.org,501(c)(3) Public Charity,Land resources,Public affairs,Urban development,W01 (Alliance/Advocacy Organizations),813319,8399,8641,,,Buckley Frame Boudreau & Co PC,http://www.guidestar.org/profile/20-0554225,http://www.guidestar.org/FinDocuments/2012/200/554/2012-200554225-09c9ce8b-Z.pdf,"$29,202 ","$27,030 ",,"$23,764 ",,,,"$167,224 ","$167,224 ","$1,222 ","$144,627 ",,$0 ,,,"$5,438 ",,,"$207,681 ",,,,,,,,,,,,$85 ,,,Nichole C. Strack ,Susan Merrow ,,amerrow@snet.net,
100 Percent Foundation Inc,20-0606591,,,2005,,,103 North Pkwy,,Prospect Heights,IL,Cook,60070,,,501(c)(3) Public Charity,Youth services,,,P30 (Children's and Youth Services),624110,8322,,,,,http://www.guidestar.org/profile/20-0606591,,,,,,,,,,,,,,,,,,,,,,,,,,,,,,,,,,,,,,,
10-8 Ministries,20-0647388,,,2005,,,18 Oakmont Cir,,Belton,TX,Bell,76513,,,501(c)(3) Public Charity,Special population support,,,P80 (Services to Promote the Independence of Specific Populations),624120,8322,,,,,http://www.guidestar.org/profile/20-0647388,,,,,,,,,,,,,,,,,,,,,,,,,,,,,,,,,,,,,,,
1020 Domino Association,20-1151099,,,2004,,,1020 S Orange Ave,,Newark,NJ,Essex,07106,,,501(c)(7) (Social and Recreation Clubs),Clubs,,,"N50 (Recreational, Pleasure, or Social Club)",713990,7911,7993,,,,http://www.guidestar.org/profile/20-1151099,,,,,,,,,,,,,,,,,,,,,,,,,,,,,,,,,,,,,,,
10184 Elida Area Sertoma Club Sponsorship Fund,20-1210368,,,0,,,3865 Pioneer Rd,,Lima,OH,Allen,45807,,,501(c)(3) Public Charity,Community service,,,S81 (Women's Service Clubs),813410,8641,8699,,,,http://www.guidestar.org/profile/20-1210368,,,,,,,,,,,,,,,,,,,,,,,,,,,,,,,,,,,,,,,
1 To 3 Inc,20-1292917,,,2006,,,1526 Chandler St,,Madison,WI,Dane,53711,,,501(c)(3) Public Charity,Environment,,,C01 (Alliance/Advocacy Organizations),813319,8399,8641,,,,http://www.guidestar.org/profile/20-1292917,http://www.guidestar.org/FinDocuments/2006/201/292/2006-201292917-033d75cd-Z.pdf,,,,,,,,,,,,,,,,,,,,,,,,,,,,,,,,,,,,,,
"10-34 Wisconsin, Inc.",20-1386548,1/1/2008,12/31/2008,2005,2008,990EZ,422 Century Oak Dr,,Waukesha,WI,Waukesha,53188,414-628-9445,,501(c)(3) Public Charity,Abuse prevention,Child abuse,Sexual abuse,"I70 (Protection Against and Prevention of Neglect, Abuse, Exploitation)",813319,8399,8641,,,SASS ACCOUNTING LLC,http://www.guidestar.org/profile/20-1386548,http://www.guidestar.org/FinDocuments/2008/201/386/2008-201386548-0525b59d-Z.pdf,"$33,412 ","$32,408 ",,"$27,061 ",,,,"$102,850 ","$102,850 ",,"$102,300 ",,,,$550 ,"$6,351 ",,,"$91,190 ",,,,,,,,,,,,$814 ,,,,Cindy Lange ,Executive Director,ten34@mac.com,
10147 Florence Sertoma Club Sponsorship Fund,20-1537784,,,0,,,PO Box 12972,,Florence,SC,Florence,29504,,,501(c)(3) Public Charity,Community service,,,S81 (Women's Service Clubs),813410,8641,8699,,,,http://www.guidestar.org/profile/20-1537784,,,,,,,,,,,,,,,,,,,,,,,,,,,,,,,,,,,,,,,
1000 Crane Foundation Inc,20-1582222,,,2005,,,4202 220th Pl,,Bayside,NY,Queens,11361,,,501(c)(3) Public Charity,Pediatrics,Diseases and conditions,Cancers,G98 (Pediatrics),813212,8399,,,,,http://www.guidestar.org/profile/20-1582222,,,,,,,,,,,,,,,,,,,,,,,,,,,,,,,,,,,Ms. Beatrice Lee ,Ms. Beatrice Lee ,President and CEO,1000CraneFoundation@gmail.com,
10114-Sertoma Club Decatur- Sponsorship Fund,20-1909620,,,1979,,,PO Box 321,,Decatur,IL,Macon,62525,,,501(c)(3) Public Charity,Community service,,,S81 (Women's Service Clubs),813410,8641,8699,,,,http://www.guidestar.org/profile/20-1909620,,,,,,,,,,,,,,,,,,,,,,,,,,,,,,,,,,,,,,,
100X Missions,20-1926718,1/1/2018,12/31/2018,2007,2018,990,7020 Fain Park Dr Ste 6,,Montgomery,AL,Montgomery,36117,(334) 387-1178,www.100XDevelopment.com,501(c)(3) Public Charity,International development,,,"Q30 (International Development, Relief Services)",813311,8399,,N,,HORTON LEE BURNETT ET AL PC,http://www.guidestar.org/profile/20-1926718,http://www.guidestar.org/FinDocuments/2017/201/926/2017-201926718-100ddaad-9.pdf,"$402,880 ","$383,398 ",,"$387,880 ","$288,742 ",,"$99,138 ","$820,655 ","$820,655 ",,"$820,655 ",,,,,"$15,000 ",$0 ,,"$506,427 ","$271,785 ","$31,045 ","$203,597 ","$15,000 ",$65 ,"$1,639 ",,,,"$1,810 ",,,,JOHN BLANCHARD,Lindy Blanchard ,Kimberly Casey ,Special Assistant,KCasey@100XDevelopment.com,1
100 Black Men of Birmingham Inc,20-2595597,,,2006,,,PO Box 2915,,Birmingham,AL,Jefferson,35202,,,501(c)(3) Public Charity,Community service,,,S82 (Men's Service Clubs),813410,8641,8699,,,,http://www.guidestar.org/profile/20-2595597,http://www.guidestar.org/FinDocuments/2006/202/595/2006-202595597-068dae4b-Z.pdf,,,,,,,,,,,,,,,,,,,,,,,,,,,,,,,,,,,,,,
100 Club of Amarillo Inc,20-2768192,7/1/2018,6/30/2019,2006,2018,990,PO Box 589,,Amarillo,TX,Potter,79105,806-331-4100,WWW.TEXASPANHANDLE100CLUB.ORG,501(c)(3) Public Charity,Law enforcement,,,I60 (Law Enforcement Agencies (Police Departments)),541199,7389,,N,,STEWART MARTIN DUDLEY & WEBB PC,http://www.guidestar.org/profile/20-2768192,http://www.guidestar.org/FinDocuments/2018/202/768/2018-202768192-10acba63-9.pdf,"$573,044 ","$423,816 ","$149,228 ","$573,044 ","$139,000 ",,"$434,044 ","$198,524 ","$213,389 ","$3,872 ","$207,369 ",,"($13,800)",,,$0 ,$0 ,,"$100,866 ","$85,109 ","$4,342 ","$11,415 ","$1,198 ","$9,284 ",,$744 ,,$770 ,,,,,SUZANNE TALLEY,,,,,0
10-99 Foundation,20-3154031,1/1/2008,12/31/2008,2005,2008,990EZ,PO Box 3099,,Issaquah,WA,King,98027,425-747-7523,www.10-99foundation.org,501(c)(3) Public Charity,Mental health care,,,F12 (Fund Raising and/or Fund Distribution),813219,8399,,,,"CLARK NUBER, PS",http://www.guidestar.org/profile/20-3154031,http://www.guidestar.org/FinDocuments/2009/203/154/2009-203154031-05a8a631-Z.pdf,"$836,086 ","$820,031 ",,"$836,086 ",,,,"$197,843 ","$286,055 ","$24,549 ","$205,317 ",,"($48,912)",,,$0 ,,,"$149,954 ",,,,,,,,,,,,"$1,623 ",,,"Dr. Samuel H. Smith, PhD ",Mrs. Gayle Frink-Schulz ,Executive Director,gayle@10-99foundation.org,
100 Plus Black Women Coalition of Beaumont,20-3264664,,,2010,,,4865 Cornell Dr,,Beaumont,TX,Jefferson,77705,,,501(c)(3) Public Charity,Education,,,"B82 (Scholarships, Student Financial Aid, Awards)",813410,8641,8699,,,,http://www.guidestar.org/profile/20-3264664,,,,,,,,,,,,,,,,,,,,,,,,,,,,,,,,,,,,,,,
100 Percent Relief,20-3418002,,,2005,,,1111 Alexandria St,,Lafayette,CO,Boulder,80026,,,501(c)(3) Public Charity,Basic and emergency aid,,,"P60 (Emergency Assistance (Food, Clothing, Cash))",624230,8322,,,,,http://www.guidestar.org/profile/20-3418002,,,,,,,,,,,,,,,,,,,,,,,,,,,,,,,,,,,,,,,
1000 Leaders Project,20-3453972,,,2006,,,2102 Almaden Rd Ste 107,,San Jose,CA,Santa Clara,95125,,,501(c)(3) Public Charity,Civic participation,,,B03 (Professional Societies & Associations),813920,8621,,,,,http://www.guidestar.org/profile/20-3453972,http://www.guidestar.org/FinDocuments/2012/203/453/2012-203453972-09aa8924-Z.pdf,,,,,,,,,,,,,,,,,,,,,,,,,,,,,,,,,,,,,,
1 Accord Ministries,20-3599122,,,2006,,,3209 Mounds Rd,,Anderson,IN,Madison,46016,,,501(c)(3) Public Charity,Human services,,,P20 (Human Service Organizations),624190,8322,,,,,http://www.guidestar.org/profile/20-3599122,http://www.guidestar.org/FinDocuments/2006/203/599/2006-203599122-02fccb51-Z.pdf,,,,,,,,,,,,,,,,,,,,,,,,,,,,,,,,,,,,,,
101 Lakes Academy and Farm School,20-3729588,,,2006,,,1775 W US Highway 20,,Angola,IN,Steuben,46703,,,501(c)(3) Public Charity,Elementary and secondary education,,,"B20 (Elementary, Secondary Ed)",611110,8211,,,,,http://www.guidestar.org/profile/20-3729588,http://www.guidestar.org/FinDocuments/2011/203/729/2011-203729588-08773a6a-Z.pdf,,,,,,,,,,,,,,,,,,,,,,,,,,,,,,,,,,,,,,
100 Acre Wood Wildliferehabilitation Inc,20-4137076,,,2006,,,99 Kohen Rd,,Brooksville,FL,Hernando,34601,,,501(c)(3) Public Charity,Wildlife biodiversity,,,D30 (Wildlife Preservation/Protection),813312,8399,8699,,,,http://www.guidestar.org/profile/20-4137076,,,,,,,,,,,,,,,,,,,,,,,,,,,,,,,,,,,,,,,
10185 Park Meadows Drive Inc,20-4348381,,,2008,,,10185 Park Meadows Dr,,Lone Tree,CO,Douglas,80124,,,"501(c)(25) (Title Holding Corporations for Multiple Organizations (Pensions, etc.))",Real estate,,,S47 (Real Estate Organizations),531390,6531,,,,,http://www.guidestar.org/profile/20-4348381,http://www.guidestar.org/FinDocuments/2007/204/348/2007-204348381-0446bc13-9O.pdf,,,,,,,,,,,,,,,,,,,,,,,,,,,,,,,,,,,,,,
(GMT-05:00) Eastern Time (US & Canada),20-4646970,,,2006,,,5579 Azalea Way Unit 1013,,West Chester,OH,Butler,45069,(513) 240-8981,http://visionworksinc.org,501(c)(3) Public Charity,Employment,Diversity and intergroup relations,Religion for youth,R30 (Intergroup/Race Relations),813311,8399,,,,,http://www.guidestar.org/profile/20-4646970,,,,,,,,,,,,,,,,,,,,,,,,,,,,,,,,,,,Dr. Vane Enoch ,Dr. Vanessa Enoch ,President & CEO,vanessa.enoch@gmail.com,
100 Block Association,20-4949721,,,2014,,,123 S Gay St,,Knoxville,TN,Knox,37902,,,501(c)(3) Public Charity,Neighborhood associations,,,S22 (Neighborhood/Block Associations),813410,8641,8699,,,,http://www.guidestar.org/profile/20-4949721,,,,,,,,,,,,,,,,,,,,,,,,,,,,,,,,,,,,,,,
1- Way Concert Minisery,20-5018074,,,2007,,,177 Kingsclere Dr,,Southampton,PA,Bucks,18966,,,501(c)(3) Public Charity,Music,,,A68 (Music),711130,7929,,,,,http://www.guidestar.org/profile/20-5018074,,,,,,,,,,,,,,,,,,,,,,,,,,,,,,,,,,,,,,,
10000 Kids Inc,20-5071315,,,2007,,,2354 Aqua Vista Ave,,Henderson,NV,Clark,89014,,,501(c)(3) Public Charity,Youth organizing,,,O50 (Youth Development Programs),813410,8641,8699,,,,http://www.guidestar.org/profile/20-5071315,http://www.guidestar.org/FinDocuments/2009/205/071/2009-205071315-067820d7-Z.pdf,,,,,,,,,,,,,,,,,,,,,,,,,,,,,,,,,,,,,,
1 Cat Inc,20-5079076,,,2007,,,PO Box 1208,,Traverse City,MI,Grand Traverse,49685,,,501(c)(3) Public Charity,Animal welfare,,,D20 (Animal Protection and Welfare (includes Humane Societies and SPCAs)),813312,8399,8699,,,,http://www.guidestar.org/profile/20-5079076,http://www.guidestar.org/FinDocuments/2008/205/079/2008-205079076-04ae05e5-Z.pdf,,,,,,,,,,,,,,,,,,,,,,,,,,,,,,,,,,,,,,
1 Cat Inc,20-5079096,,,2007,,,PO Box 1208,,Traverse City,MI,Grand Traverse,49685,,,501(c)(3) Public Charity,Animal welfare,,,D20 (Animal Protection and Welfare (includes Humane Societies and SPCAs)),813312,8399,8699,,,,http://www.guidestar.org/profile/20-5079096,,,,,,,,,,,,,,,,,,,,,,,,,,,,,,,,,,,,,,,
100 Homes Inc,20-5137384,,,2008,,,2275 Huntington Dr Unit 830,,San Marino,CA,Los Angeles,91108,,,501(c)(3) Public Charity,Home repairs,,,L81 (Home Improvement/Repairs),624229,8322,,,,,http://www.guidestar.org/profile/20-5137384,http://www.guidestar.org/FinDocuments/2008/205/137/2008-205137384-058ff08f-Z.pdf,,,,,,,,,,,,,,,,,,,,,,,,,,,,,,,,,,,,,,
1/2/2001,20-5149875,,,2007,,,1527 Glade Gulch Rd,,Castle Rock,CO,Douglas,80104,,,501(c)(3) Public Charity,Disaster relief,,,Q33 (International Relief),813311,8399,,,,,http://www.guidestar.org/profile/20-5149875,,,,,,,,,,,,,,,,,,,,,,,,,,,,,,,,,,,,,,,
1 502 Vietnam Veterans Memoral Fund,20-5178622,,,2007,,,W5527 Rustic Ln,,Appleton,WI,Outagamie,54915,,,501(c)(3) Public Charity,Special population support,,,W30 (Military/Veterans' Organizations),813410,8641,8699,,,,http://www.guidestar.org/profile/20-5178622,,,,,,,,,,,,,,,,,,,,,,,,,,,,,,,,,,,,,,,
10 in 10 Project Inc,20-5326666,,,2007,,,PO Box 275,,Fort Montgomery,NY,Orange,10922,,,501(c)(3) Public Charity,Brain and nervous system disorders,,,G48 (Brain Disorders),813212,8399,,,,,http://www.guidestar.org/profile/20-5326666,http://www.guidestar.org/FinDocuments/2006/205/326/2006-205326666-03110e9a-Z.pdf,,,,,,,,,,,,,,,,,,,,,,,,,,,,,,,,,,,,,,
1015 15Th Street Inc,20-5405908,1/1/2017,12/31/2017,2009,2017,990,C/O Re Tax 1 University Sq Dr,,Princeton,NJ,Mercer,08540,609-282-2663,N/A,"501(c)(25) (Title Holding Corporations for Multiple Organizations (Pensions, etc.))",Community and economic development,,,S47 (Real Estate Organizations),531390,6531,,N,,PRICEWATERHOUSECOOPERS LLP,http://www.guidestar.org/profile/20-5405908,http://www.guidestar.org/FinDocuments/2018/205/405/2018-205405908-116b5501-9O.pdf,"$124,410,117 ","$1,287,043 ",$0 ,"$58,389,179 ",,,,"$9,687,910 ","$9,687,910 ",$0 ,$0 ,,$0 ,$0 ,"$9,687,910 ","$66,020,938 ","$60,000,000 ",$0 ,"$6,930,692 ","$6,930,692 ",,,"$22,763 ","$1,856 ",$0 ,"$22,366 ","$2,164,866 ","$492,738 ","$19,652 ",$0 ,,$0 ,JOHN LAMB,,,,,0
1 Byte Computer Literacy Inc,20-5477787,,,2019,,,3916 Oleander Dr,,Wilmington,NC,New Hanover,28403,,,501(c)(3) Public Charity,Adult education,,,"B60 (Adult, Continuing Education)",611699,7999,8299,,,,http://www.guidestar.org/profile/20-5477787,,,,,,,,,,,,,,,,,,,,,,,,,,,,,,,,,,,,,,,
103Rd Precinct Community Councilinc,20-5484666,,,2012,,,16802 91st Ave,,Jamaica,NY,Queens,11432,,,501(c)(3) Public Charity,Human services,,,P12 (Fund Raising and/or Fund Distribution),813219,8399,,,,,http://www.guidestar.org/profile/20-5484666,,,,,,,,,,,,,,,,,,,,,,,,,,,,,,,,,,,,,,,
1 Heart at A Time Inc,20-5541004,,,2007,,,2466 Royal Ave,,Simi Valley,CA,Ventura,93065,,,501(c)(3) Public Charity,Heart and circulatory system diseases,,,G43 (Heart and Circulatory System),813212,8399,,,,,http://www.guidestar.org/profile/20-5541004,,,,,,,,,,,,,,,,,,,,,,,,,,,,,,,,,,,,,,,
100 Women Charitable Foundation Inc,20-5704725,1/1/2017,12/31/2017,2007,2017,990,PO Box 3418,,Los Altos,CA,Santa Clara,94024,650-938-3931,http://100womenfoundation.org,501(c)(3) Public Charity,Foundations,,,T31 (Community Foundations),813211,6732,,N,,Hopper & Associates,http://www.guidestar.org/profile/20-5704725,http://www.guidestar.org/FinDocuments/2018/205/704/2018-205704725-116a2f4f-9.pdf,"$164,355 ","$158,355 ",,"$164,355 ",,,,"$160,477 ","$184,625 ",,"$157,789 ",,"$2,489 ",,,$0 ,$0 ,,"$168,775 ","$165,000 ","$3,456 ",$319 ,,,,,,,,,,,Donna Brownell,,,,,0
1-866-4-R-Teens,20-8128765,,,2009,,,332 S Peck Dr,,Beverly Hills,CA,Los Angeles,90212,,,501(c)(3) Public Charity,Youth development,,,O99 (Other Youth Development N.E.C.),624110,8322,,,,,http://www.guidestar.org/profile/20-8128765,http://www.guidestar.org/FinDocuments/2009/208/128/2009-208128765-066d536f-Z.pdf,,,,,,,,,,,,,,,,,,,,,,,,,,,,,,,,,,,,,,
100Th Monkey Planetarytransformation Network,20-8199324,,,2008,,,2710 Thomes Ave,,Cheyenne,WY,Laramie,82001,,,501(c)(3) Public Charity,Natural resources,,,C30 (Natural Resource Conservation and Protection),813312,8399,8699,,,,http://www.guidestar.org/profile/20-8199324,,,,,,,,,,,,,,,,,,,,,,,,,,,,,,,,,,,,,,,
1-77 Hhc Scout Platoon Veterans Assoc Inc,20-8285327,,,2010,,,PO Box 1187,,Welcome,NC,Davidson,27374,,,501(c)(3) Public Charity,Basic and emergency aid,,,"P60 (Emergency Assistance (Food, Clothing, Cash))",624230,8322,,,,,http://www.guidestar.org/profile/20-8285327,,,,,,,,,,,,,,,,,,,,,,,,,,,,,,,,,,,,,,,
"100 Mile Club, Inc.",20-8425786,7/1/2017,6/30/2018,2008,2017,990,2191 5th St Ste 211,,Norco,CA,Riverside,92860,(951) 340-2290,www.100mileclub.com,501(c)(3) Public Charity,Public health,Youth organizing,Physical fitness,O50 (Youth Development Programs),813410,8641,8699,N,N,Kerr & Amatulli CPAs Inc,http://www.guidestar.org/profile/20-8425786,http://www.guidestar.org/FinDocuments/2018/208/425/2018-208425786-0ff63211-9.pdf,"$219,495 ","$119,792 ",$0 ,"$109,521 ",,,"$109,521 ","$1,158,686 ","$1,166,604 ",$0 ,"$478,477 ","$7,500 ","$12,093 ",$0 ,"$650,801 ","$109,974 ","$97,000 ",,"$1,086,226 ","$977,830 ","$108,396 ",$0 ,"$7,800 ","$2,859 ","$19,297 ","$8,555 ","$9,405 ",$0 ,$550 ,$0 ,,$0 ,,Kara Lubin ,Cathy Lake ,Business Manager,cathy@100mileclub.com,11
100 Ideas Innovation for Oklahomassecond Century Inc,20-8501292,,,2010,,,3403 36th Ave NE,,Norman,OK,Cleveland,73026,,,501(c)(4) (Civic Leagues and Social Welfare Organizations),Economic development,,,S30 (Economic Development),813410,8641,8699,,,,http://www.guidestar.org/profile/20-8501292,http://www.guidestar.org/FinDocuments/2010/208/501/2010-208501292-061d63c9-9O.pdf,,,,,,,,,,,,,,,,,,,,,,,,,,,,,,,,,,,,,,
02-NYC Inc,20-8519450,,,2009,,,PO Box 114,,New York,NY,New York,10014,,,501(c)(3) Public Charity,Education services,,,B90 (Educational Services and Schools - Other),611710,8299,8748,,,,http://www.guidestar.org/profile/20-8519450,,,,,,,,,,,,,,,,,,,,,,,,,,,,,,,,,,,,,,,
1020 Cwa Local,22-1726827,,,1950,,,55 Cooper Ln,,Millington,NJ,Morris,07946,,,"501(c)(5) (Labor, Agricultural and Horticultural Organizations)",Organized labor,,,J40 (Labor Unions/Organizations),813930,8631,,,,,http://www.guidestar.org/profile/22-1726827,http://www.guidestar.org/FinDocuments/2014/221/726/2014-221726827-0b788069-ZO.pdf,,,,,,,,,,,,,,,,,,,,,,,,,,,,,,,,,,,,,,
100Th Infantry Division Association,22-2143693,,,1977,,,4651 Cloudland Rd,,Woodstock,VT,Windsor,05091,,,501(c)(19) (Post or Organizations of War Veterans),Public administration,,,W20 (Government and Public Administration),813410,8641,8699,,,,http://www.guidestar.org/profile/22-2143693,http://www.guidestar.org/FinDocuments/2011/222/143/2011-222143693-084a6ddd-ZO.pdf,,,,,,,,,,,,,,,,,,,,,,,,,,,,,,,,,,,,,,
100 Black Men of New Jersey,22-2166928,1/1/2015,12/31/2015,1977,2015,990,PO Box 7474,,Somerset,NJ,Somerset,08875,516-462-4904,WWW.100BMNJ.ORG,501(c)(3) Public Charity,Community service,,,S82 (Men's Service Clubs),813410,8641,8699,N,N,EDWARDS AND COMPANY LLC,http://www.guidestar.org/profile/22-2166928,http://www.guidestar.org/FinDocuments/2015/222/166/2015-222166928-0d41d03e-9.pdf,"$9,897 ","$9,897 ",,"($15,091)",,,"($15,091)","$6,427 ","$42,174 ",$0 ,"$14,765 ",,"($8,338)",$0 ,$0 ,"$24,988 ",$0 ,,"$7,168 ",$0 ,"$7,168 ",$0 ,$500 ,$0 ,$0 ,$0 ,$0 ,$0 ,$0 ,$0 ,,$0 ,MATTHEW HORACE,,,,,0
100 Block Worth Felton Street Assoc,22-2480628,,,1983,,,108 N Felton St,,Philadelphia,PA,Philadelphia,19139,,,501(c)(3) Public Charity,Neighborhood associations,,,S22 (Neighborhood/Block Associations),813410,8641,8699,,,,http://www.guidestar.org/profile/22-2480628,,,,,,,,,,,,,,,,,,,,,,,,,,,,,,,,,,,,,,,
100 State Street Food Corp Inc,22-2496355,,,1984,,,100 State St,,Portland,ME,Cumberland,04101,,,501(c)(3) Public Charity,"Agriculture, fishing and forestry",,,"K99 (Other Food, Agriculture, and Nutrition N.E.C.)",115,,,,,,http://www.guidestar.org/profile/22-2496355,,,,,,,,,,,,,,,,,,,,,,,,,,,,,,,,,,,,,,,
101 Association Inc,22-2553725,,,1986,,,679 Riverside Ave,,Torrington,CT,Litchfield,06790,,,501(c)(7) (Social and Recreation Clubs),Sports,,,"N60 (Amateur Sports Clubs, Leagues, N.E.C.)",713990,7911,7993,,,,http://www.guidestar.org/profile/22-2553725,,,,,,,,,,,,,,,,,,,,,,,,,,,,,,,,,,,,,,,
100 Groton Parkway Inc,22-2661001,7/1/2018,6/30/2019,1986,2018,990,100 Groton Pkwy,,Rochester,NY,Monroe,14623,585-359-3710,,501(c)(3) Public Charity,Developmental disability services,,,P82 (Developmentally Disabled Services/Centers),624120,8322,,N,,,http://www.guidestar.org/profile/22-2661001,http://www.guidestar.org/FinDocuments/2019/222/661/2019-222661001-16988427-9.pdf,"$3,325,851 ","$54,004 ","$1,062,915 ","$2,707,472 ",,,"$2,707,472 ","$592,094 ","$627,674 ","$22,168 ",$0 ,,,,"$489,183 ","$618,379 ","$518,197 ",,"$618,439 ","$590,432 ","$28,007 ",,"$5,525 ",,,"$17,712 ","$27,203 ","$10,271 ",,,,,Ms. Julie Jones,,,,,0
100 South Swan Street Realty Corp,22-2719837,,,2013,,,100 S Swan St,,Albany,NY,Albany,12210,,,501(c)(2) (Title Holding Corporation),Real estate,,,S47 (Real Estate Organizations),531390,6531,,,,,http://www.guidestar.org/profile/22-2719837,http://www.guidestar.org/FinDocuments/2015/222/719/2015-222719837-0ce25650-ZO.pdf,,,,,,,,,,,,,,,,,,,,,,,,,,,,,,,,,,,,,,
101 Foundation Inc,22-2958767,1/1/2018,12/31/2018,1994,2018,990,70 State Route 31 N,,Washington,NJ,Warren,07882,,,501(c)(3) Public Charity,Education,,,X22 (Roman Catholic),813110,8661,,N,,UNITED TAX SOLUTONS INC,http://www.guidestar.org/profile/22-2958767,http://www.guidestar.org/FinDocuments/2018/222/958/2018-222958767-10dadbee-9.pdf,"$1,990,501 ","$155,602 ","$186,237 ","$1,373,318 ",,,,"$587,742 ","$603,866 ","$6,485 ","$496,787 ",,,"$8,068 ","$76,402 ","$617,183 ","$7,859 ",,"$685,688 ","$647,141 ","$38,547 ",$0 ,"$1,800 ","$69,351 ",,"$8,774 ","$19,748 ",,"$1,475 ",,,,ROSALIE A TURTON,,,,,4
1000 Friends of Massachusetts Inc,22-2988006,,,1994,,,14 Beacon St,,Boston,MA,Suffolk,02108,,,501(c)(3) Public Charity,Environment,,,C01 (Alliance/Advocacy Organizations),813319,8399,8641,,,,http://www.guidestar.org/profile/22-2988006,http://www.guidestar.org/FinDocuments/2009/222/988/2009-222988006-05d386be-Z.pdf,,,,,,,,,,,,,,,,,,,,,,,,,,,,,,,,,,,,,,
100 Percent Drug Free Club Inc,22-3149838,,,1992,,,State Univ of Ny,,Stony Brook,NY,Suffolk,11794,,,501(c)(3) Public Charity,Student services,,,B80 (Student Services and Organizations),611710,8299,8748,,,,http://www.guidestar.org/profile/22-3149838,http://www.guidestar.org/FinDocuments/2001/223/149/2001-223149838-1-Z.pdf,,,,,,,,,,,,,,,,,,,,,,,,,,,,,,,,,,,,,,
10000 Mentors Inc,22-3469143,,,1997,,,33 Washington St,,Newark,NJ,Essex,07102,,,501(c)(3) Public Charity,Elementary and secondary education,Youth mentoring,,"O30 (Adult, Child Matching Programs)",624110,8322,,,,,http://www.guidestar.org/profile/22-3469143,http://www.guidestar.org/FinDocuments/2001/223/469/2001-223469143-1-9.pdf,,,,,,,,,,,,,,,,,,,,,,,,,,,,,,,,,,,,,,
10 Fenwick Corp,22-3535241,1/1/2017,12/31/2017,1998,2017,990,27 Prince St,,Elizabeth,NJ,Union,07208,,,501(c)(3) Public Charity,Homeless shelters,,,L41 (Temporary Shelter For the Homeless),624221,8322,,N,N,DONALD POE OA,http://www.guidestar.org/profile/22-3535241,http://www.guidestar.org/FinDocuments/2017/223/535/2017-223535241-0f463b5f-9.pdf,"$114,534 ","$114,534 ",,,,,,$228 ,$230 ,$228 ,,,,,,"$7,306 ",$0 ,,,,,,,,,,,,,,,,,,,,,
105Th Airlift Wing Alumni Association,22-3663705,,,2006,,,1 Militia Way,,Newburgh,NY,Orange,12550,,,501(c)(19) (Post or Organizations of War Veterans),Alumni relations,,,B84 (Alumni Associations),813410,8641,8699,,,,http://www.guidestar.org/profile/22-3663705,,,,,,,,,,,,,,,,,,,,,,,,,,,,,,,,,,,,,,,
100 Black Men of Greater Little Rock Inc,22-3881629,1/1/2018,12/31/2018,2005,2018,990EZ,PO Box 2714,,Little Rock,AR,Pulaski,72203,,,501(c)(3) Public Charity,Community service,,,S82 (Men's Service Clubs),813410,8641,8699,,,Denman Hamilton & Associates CPA PL,http://www.guidestar.org/profile/22-3881629,http://www.guidestar.org/FinDocuments/2017/223/881/2017-223881629-106412f2-Z.pdf,"$35,505 ","$35,505 ",,"$35,505 ",,,,"$42,504 ","$66,391 ",$28 ,"$24,198 ",,"$18,278 ",,,$0 ,,,"$37,535 ",,,,,,,,,,,,,,,,,,,
00006 Local,22-6062777,,,1940,,,608 E Baltimore Pike,,Media,PA,Delaware,19063,,,"501(c)(5) (Labor, Agricultural and Horticultural Organizations)",Organized labor,,,J40 (Labor Unions/Organizations),813930,8631,,,,,http://www.guidestar.org/profile/22-6062777,http://www.guidestar.org/FinDocuments/2007/226/062/2007-226062777-03aeebcb-ZO.pdf,,,,,,,,,,,,,,,,,,,,,,,,,,,,,,,,,,,,,,
10081 33 9 Tw Elizabeth M Bacon Midlantic Natl Bank Trust Dept,22-6410724,,,0,,,620 Liberty Ave,,Pittsburgh,PA,Allegheny,15222,,,4947(a)(1) (Non-Exempt Charitable Trusts - Private Foundations),Foundations,,,T90 (Named Trusts/Foundations N.E.C.),813211,6732,,,,,http://www.guidestar.org/profile/22-6410724,http://www.guidestar.org/FinDocuments/2001/226/410/2001-226410724-1-F.pdf,,,,,,,,,,,,,,,,,,,,,,,,,,,,,,,,,,,,,,
100 BLACK MEN OF WESTERN PA INC,23-2512600,1/1/2018,12/31/2018,1996,2018,990EZ,PO Box 254,,Pittsburgh,PA,Allegheny,15230,(412) 215-4522,WWW.PGH100BM.ORG,501(c)(3) Public Charity,Youth organizing,Community service,,O50 (Youth Development Programs),813410,8641,8699,,,TYLER COLLIER ASSOCIATES LLC,http://www.guidestar.org/profile/23-2512600,http://www.guidestar.org/FinDocuments/2018/232/512/2018-232512600-17138304-Z.pdf,"$27,963 ","$26,701 ",,"$27,255 ",,,,"$106,413 ","$106,413 ","$2,215 ","$56,986 ",,"$28,373 ",,"$17,670 ",$708 ,,,"$95,614 ",,,,,,,,,,,,,,,Mr. Alfred Valentine ,Mr. Alfred Valentine I,President,alvalentine.100wpa@gmail.com,
103Rd Officers Association,23-2861889,,,1997,,,1337 Fairchild St,,Horsham,PA,Montgomery,19044,,,501(c)(19) (Post or Organizations of War Veterans),Education,,,B99 (Education N.E.C.),611,,,,,,http://www.guidestar.org/profile/23-2861889,,,,,,,,,,,,,,,,,,,,,,,,,,,,,,,,,,,,,,,
100 Black Men of the Philadelphia Region Inc,23-2869450,1/1/2018,12/31/2018,1997,2018,990EZ,1324 W Clearfield St,,Philadelphia,PA,Philadelphia,19132,267-238-2900,,501(c)(3) Public Charity,Community service,,,S82 (Men's Service Clubs),813410,8641,8699,,,COMPRE SERVICES INC,http://www.guidestar.org/profile/23-2869450,http://www.guidestar.org/FinDocuments/2017/232/869/2017-232869450-10eeedc8-Z.pdf,$0 ,$0 ,,$0 ,,,,"$37,588 ","$37,588 ",,"$34,323 ",,"$3,265 ",,,$0 ,,,"$56,485 ",,,,,,,,,,,,"$1,930 ",,,,,,,
1026 Club,23-3033456,,,2000,,,1026 Franklin St,,Reading,PA,Berks,19602,,,501(c)(3) Public Charity,Senior services,,,P81 (Senior Centers/Services),624120,8322,,,,,http://www.guidestar.org/profile/23-3033456,http://www.guidestar.org/FinDocuments/2004/233/033/2004-233033456-01a91b7e-Z.pdf,,,,,,,,,,,,,,,,,,,,,,,,,,,,,,,,,,,,,,
101St Airborne Reenactment Association Inc,23-3072843,,,2004,,,PO Box 758,,Green Lane,PA,Montgomery,18054,,,501(c)(4) (Civic Leagues and Social Welfare Organizations),Commemorations,,,A84 (Commemorative Events),712120,8412,,,,,http://www.guidestar.org/profile/23-3072843,,,,,,,,,,,,,,,,,,,,,,,,,,,,,,,,,,,,,,,
00295 Local,23-6420101,,,1941,,,608 E Baltimore Pike,,Media,PA,Delaware,19063,,,"501(c)(5) (Labor, Agricultural and Horticultural Organizations)",Organized labor,,,J40 (Labor Unions/Organizations),813930,8631,,,,,http://www.guidestar.org/profile/23-6420101,http://www.guidestar.org/FinDocuments/2006/236/420/2006-236420101-0307e34a-ZO.pdf,,,,,,,,,,,,,,,,,,,,,,,,,,,,,,,,,,,,,,
02652-02-G Edith H Edwards 2 T/W,23-6633170,,,1978,,,100 N Main St Fl 13,,Winston Salem,NC,Forsyth,27101,,,501(c)(3) Private Nonoperating Foundation,Foundations,,,T20 (Private Grantmaking Foundations),813211,6732,,,,,http://www.guidestar.org/profile/23-6633170,http://www.guidestar.org/FinDocuments/2008/236/633/2008-236633170-043694da-F.pdf,,,,,,,,,,,,,,,,,,,,,,,,,,,,,,,,,,,,,,
100 Men,23-7016830,,,1969,,,,,,,,,,,501(c)(3) Public Charity,Foundations,,,T70 (Fund Raising Organizations That Cross Categories includes Community Funds/Trusts and Federated Giving Programs) e.g. United Way),813219,8399,,,,,http://www.guidestar.org/profile/23-7016830,,,,,,,,,,,,,,,,,,,,,,,,,,,,,,,,,,,,,,,
10 371 North Shore High School PTSA,23-7035466,,,1954,,,450 Glen Cove Ave,,Glen Head,NY,Nassau,11545,,,501(c)(3) Public Charity,Parent-teacher involvement,,,B94 (Parent Teacher Group),813410,8641,8699,,,,http://www.guidestar.org/profile/23-7035466,,,,,,,,,,,,,,,,,,,,,,,,,,,,,,,,,,,,,,,
101 Inc,23-7057664,7/1/2018,6/30/2019,1970,2018,990,151 Moore St,,Princeton,NJ,Mercer,08540,609-520-0900,WWW.FUND101.ORG,501(c)(3) Public Charity,Education,Higher education,,"B82 (Scholarships, Student Financial Aid, Awards)",813410,8641,8699,N,,SCHULMAN LOBEL ET AL LLP,http://www.guidestar.org/profile/23-7057664,http://www.guidestar.org/FinDocuments/2018/237/057/2018-237057664-101f8562-9.pdf,"$1,257,644 ","$148,835 ","$144,644 ","$1,255,644 ",,,"$1,255,644 ","$199,148 ","$214,426 ","$21,833 ","$159,994 ",,"$23,938 ",,,"$2,000 ",$0 ,,"$129,099 ","$117,576 ","$11,523 ",$0 ,"$2,780 ","$3,553 ",,$920 ,,"$5,970 ",,,,,SUSAN KANTER,,,,,0
0952 WI Loc Pumping Filtration Plan,23-7076624,,,0,,,3427 W Saint Paul Ave,,Milwaukee,WI,Milwaukee,53208,,,"501(c)(5) (Labor, Agricultural and Horticultural Organizations)",Organized labor,,,J40 (Labor Unions/Organizations),813930,8631,,,,,http://www.guidestar.org/profile/23-7076624,,,,,,,,,,,,,,,,,,,,,,,,,,,,,,,,,,,,,,,
00372 Local,23-7107788,,,1941,,,15332 E Pawhuska Rd,,Nevada,MO,Vernon,64772,,,"501(c)(5) (Labor, Agricultural and Horticultural Organizations)",Organized labor,,,J40 (Labor Unions/Organizations),813930,8631,,,,,http://www.guidestar.org/profile/23-7107788,http://www.guidestar.org/FinDocuments/2010/237/107/2010-237107788-06b69a34-ZO.pdf,,,,,,,,,,,,,,,,,,,,,,,,,,,,,,,,,,,,,,
101 CLUB INC,23-7112562,10/1/2016,9/30/2017,1971,2016,990,417 NW 47th Ct,,Fort Lauderdale,FL,Broward,33309,(954) 573-0050,www.101clubinc.org,501(c)(3) Public Charity,Mental health care,Addiction services,,"F20 (Alcohol, Drug and Substance Abuse, Dependency Prevention and Treatment)",621420,8093,,N,,THE GINGERICH GROUP,http://www.guidestar.org/profile/23-7112562,http://www.guidestar.org/FinDocuments/2017/237/112/2017-237112562-0eeaa33f-9.pdf,"$29,350 ","$7,890 ",,"$26,762 ",,,,"$52,652 ","$52,652 ",$1 ,"$52,651 ",,,,,"$2,588 ","$2,582 ",,"$59,290 ","$59,290 ",$0 ,$0 ,$500 ,,,,,,,,,,HEATHER McCLASKEY,Heather McClaskey ,DAVID FONTANELLA ,DIRECTOR,101clubpompano@gmail.com,0
103Rd Ovi Memorial Foundation,23-7124283,8/1/2018,7/31/2019,1971,2018,990EZ,5501 E Lake Rd,,Sheffield Lake,OH,Lorain,44054,,,501(c)(3) Public Charity,Historical activities,,,A80 (Historical Societies and Related Activities),712120,8412,,,,,http://www.guidestar.org/profile/23-7124283,http://www.guidestar.org/FinDocuments/2019/237/124/2019-237124283-17098452-Z.pdf,"$257,723 ","$132,458 ",,"$257,723 ",,,,"$41,891 ",,"$5,988 ","$24,232 ",,"$11,671 ",$0 ,$0 ,$0 ,,,"$17,617 ",,,,,,,,,,,,$960 ,,,,,,,
10292 Longmont Sertoma Club,23-7133953,,,1964,,,2647 Falcon Dr,,Longmont,CO,Boulder,80503,,,501(c)(4) (Civic Leagues and Social Welfare Organizations),Community service,,,"S80 (Community Service Clubs (Kiwanis, Lions, Jaycees, etc.))",813410,8641,8699,,,,http://www.guidestar.org/profile/23-7133953,,,,,,,,,,,,,,,,,,,,,,,,,,,,,,,,,,,,,,,
005 Helena,23-7151534,1/1/2019,12/31/2019,1941,2019,990EZ,1713 Ferret Way,,Great Falls,MT,Cascade,59405,406-590-2057,N/A,501(c)(10) (Domestic Fraternal Societies),Public safety,,,"I03 (Professional Societies, Associations)",813920,8621,,,,Dwaine J Iverson CPA,http://www.guidestar.org/profile/23-7151534,http://www.guidestar.org/FinDocuments/2018/237/151/2018-237151534-113bb735-ZO.pdf,"$70,343 ","$70,343 ",,"$70,343 ",,,,"$34,450 ","$34,450 ","$3,033 ","$16,020 ",,,,"$15,397 ",,,,"$33,053 ",,,,,,,,,,,,$363 ,,,,,,,
100 Club of Arizona,23-7172077,1/1/2018,12/31/2018,1972,2018,990,333 N 44th St,Ste 100,Phoenix,AZ,Maricopa,85008,(602) 485-0100,http://www.100club.org,501(c)(3) Public Charity,Public safety,Family services,Basic and emergency aid,P40 (Family Services),624190,8322,,N,,CLIFTONLARSONALLEN LLP,http://www.guidestar.org/profile/23-7172077,http://www.guidestar.org/FinDocuments/2018/237/172/2018-237172077-1130f070-9.pdf,"$3,056,660 ","$1,038,772 ","$1,908,354 ","$2,801,505 ","$795,259 ",,"$2,006,246 ","$2,333,633 ","$2,657,974 ","$33,897 ","$2,083,041 ",,"($95,730)",,,"$255,155 ",$0 ,,"$1,604,835 ","$912,142 ","$421,407 ","$271,286 ","$61,070 ","$78,739 ",,"$14,373 ",,"$6,163 ","$1,418 ",,,,ERICK JOHNSON,Ms. Angela Harrolle ,Ms. Patti Ballentine ,Operations Manager,pattib@100club.org,12
100 Club of Rhode Island Inc,23-7179478,5/1/2018,4/30/2019,1972,2018,990,222 Chestnut St,,Providence,RI,Providence,02903,,100clubri.com,501(c)(3) Public Charity,Public safety,,,M60 (Public Safety Benevolent Associations),813410,8641,8699,N,,Marchwicki Associates Inc,http://www.guidestar.org/profile/23-7179478,http://www.guidestar.org/FinDocuments/2019/237/179/2019-237179478-1129a6f2-9.pdf,"$989,488 ","$26,053 ","$963,435 ","$989,488 ","$200,000 ",,"$789,488 ","$100,085 ","$631,456 ","$3,754 ",,,"$2,771 ",,"$89,150 ",$0 ,$0 ,,"$122,819 ","$63,600 ","$59,219 ",$0 ,"$8,580 ","$2,700 ",,"$1,756 ",,"$10,089 ","$2,625 ",,,,,,,,,0
1004 Rushford Alle,23-7214422,,,1972,,,5651 Old State Rd,,Angelica,NY,Allegany,14709,,,501(c)(10) (Domestic Fraternal Societies),Farm bureaus and granges,,,K28 (Farm Bureau),813910,8611,8699,,,,http://www.guidestar.org/profile/23-7214422,,,,,,,,,,,,,,,,,,,,,,,,,,,,,,,,,,,,,,,
09-024-000 90000064 Anne Lebster FL,23-7219711,,,1943,,,10094 Golfside Dr,,Grand Blanc,MI,Genesee,48439,,,501(c)(3) Public Charity,Women's rights,,,R24 (Women's Rights),813311,8399,,,,,http://www.guidestar.org/profile/23-7219711,,,,,,,,,,,,,,,,,,,,,,,,,,,,,,,,,,,,,,,
10541 Macon Sertoma Club,23-7352496,7/1/2014,6/30/2015,1964,2014,990EZ,136 N Haven Dr,,Macon,GA,Bibb,31210,,N/A,501(c)(3) Public Charity,Community service,,,"S80 (Community Service Clubs (Kiwanis, Lions, Jaycees, etc.))",813410,8641,8699,,N,McNair McLemore Middlebrooks,http://www.guidestar.org/profile/23-7352496,http://www.guidestar.org/FinDocuments/2016/237/352/2016-237352496-0cd98a11-Z.pdf,"$79,766 ","$79,766 ",,"$79,766 ",,,,"$18,370 ","$60,188 ",$712 ,"$13,569 ",,"$4,089 ",,,,,,"$21,227 ",,,,,,,,,,,,,,,,,,,
1010 International Net Inc,23-7392286,4/1/2018,3/31/2019,1974,2018,990,6206 E Pima St Ste 2,,Tucson,AZ,Pima,85712,520-250-1560,http://www.ten-ten.org,501(c)(4) (Civic Leagues and Social Welfare Organizations),Information and communications,,,"A30 (Media, Communications Organizations)",51,,,N,,SCHLOTTMAN TAX SERVICES LLC,http://www.guidestar.org/profile/23-7392286,http://www.guidestar.org/FinDocuments/2018/237/392/2018-237392286-10531e8d-9O.pdf,"$451,349 ","$448,412 ",,"$232,564 ",,,"$232,564 ","$50,966 ","$50,966 ","$9,535 ","$41,431 ",,,,,"$218,785 ",$0 ,,"$52,930 ","$44,946 ","$7,984 ",$0 ,"$3,250 ","$2,185 ","$12,660 ","$1,350 ",$0 ,$0 ,$0 ,$0 ,,,,,,,,0
10,23-7448369,7/1/2016,6/30/2017,1976,2016,990EZ,724 S Central Ave,,Medford,OR,Jackson,97501,(541) 414-8309,www.roguevalleychorale.org,501(c)(3) Public Charity,Elementary and secondary education,Youth organizing,Vocal music,A6B (Singing Choral),711130,7929,,,N,Richard W Brewster CPA PC,http://www.guidestar.org/profile/23-7448369,http://www.guidestar.org/FinDocuments/2017/237/448/2017-237448369-0fb412b1-Z.pdf,"$384,757 ","$383,903 ",,"$384,757 ",,,,"$91,856 ","$91,856 ","$1,825 ","$46,395 ",,,,"$43,636 ",,,,"$117,344 ",,,,,,,,,,,,"$6,026 ",,,Laura Rich ,Laura Rich ,Executive Director,office@roguevalleychorale.org,
0065 Assembly,23-7501037,,,1972,,,9117 Roach Ave,,Brookfield,IL,Cook,60513,,,501(c)(8) (Fraternal Beneficiary Societies),Cultural awareness,,,"A23 (Cultural, Ethnic Awareness)",71,,,,,,http://www.guidestar.org/profile/23-7501037,,,,,,,,,,,,,,,,,,,,,,,,,,,,,,,,,,,,,,,
0299 Assembly,23-7501112,,,1972,,,67 Catalpa Pl,,Bronx,NY,Bronx,10465,,,501(c)(8) (Fraternal Beneficiary Societies),Cultural awareness,,,"A23 (Cultural, Ethnic Awareness)",71,,,,,,http://www.guidestar.org/profile/23-7501112,,,,,,,,,,,,,,,,,,,,,,,,,,,,,,,,,,,,,,,
0038 Assembly,23-7501172,,,1972,,,171 Spring St,,Johnstown,PA,Cambria,15906,,,501(c)(8) (Fraternal Beneficiary Societies),Cultural awareness,,,"A23 (Cultural, Ethnic Awareness)",71,,,,,,http://www.guidestar.org/profile/23-7501172,,,,,,,,,,,,,,,,,,,,,,,,,,,,,,,,,,,,,,,
0207 Assembly,23-7501288,,,1972,,,300 Curtin St Apt 304,,Osceola Mills,PA,Clearfield,16666,,,501(c)(8) (Fraternal Beneficiary Societies),Cultural awareness,,,"A23 (Cultural, Ethnic Awareness)",71,,,,,,http://www.guidestar.org/profile/23-7501288,,,,,,,,,,,,,,,,,,,,,,,,,,,,,,,,,,,,,,,
0809 Assembly,23-7501340,,,1972,,,351 Valley Brook Rd,,Canonsburg,PA,Washington,15317,,,501(c)(8) (Fraternal Beneficiary Societies),Cultural awareness,,,"A23 (Cultural, Ethnic Awareness)",71,,,,,,http://www.guidestar.org/profile/23-7501340,,,,,,,,,,,,,,,,,,,,,,,,,,,,,,,,,,,,,,,
10 Judea Shrine,23-7514223,,,1940,,,2211 W Melrose Pl,,West Peoria,IL,Peoria,61604,,,501(c)(8) (Fraternal Beneficiary Societies),Business and industry,,,Y40 (Fraternal Beneficiary Societies),813410,8641,8699,,,,http://www.guidestar.org/profile/23-7514223,,,,,,,,,,,,,,,,,,,,,,,,,,,,,,,,,,,,,,,
10 K J Branch,23-7515969,,,2014,,,6611 Rockside Rd Ste 300,,Independence,OH,Cuyahoga,44131,,,501(c)(8) (Fraternal Beneficiary Societies),Catholicism,,,X22 (Roman Catholic),813110,8661,,,,,http://www.guidestar.org/profile/23-7515969,,,,,,,,,,,,,,,,,,,,,,,,,,,,,,,,,,,,,,,
0083 K J Branch St Josephs Society,23-7516009,,,2014,,,6611 Rockside Rd Ste 300,,Independence,OH,Cuyahoga,44131,,,501(c)(8) (Fraternal Beneficiary Societies),Catholicism,,,X22 (Roman Catholic),813110,8661,,,,,http://www.guidestar.org/profile/23-7516009,,,,,,,,,,,,,,,,,,,,,,,,,,,,,,,,,,,,,,,
764,23-7524659,,,1972,,,3431 N 107th St,,Milwaukee,WI,Milwaukee,53222,,,501(c)(8) (Fraternal Beneficiary Societies),Immigrant services,,,P84 (Ethnic/Immigrant Services),624190,8322,,,,,http://www.guidestar.org/profile/23-7524659,,,,,,,,,,,,,,,,,,,,,,,,,,,,,,,,,,,,,,,
0241 Okmulgee Nettie B Fair,23-7527028,,,1973,,,15200 Box Elder Rd,,Okmulgee,OK,Okmulgee,74447,,,501(c)(8) (Fraternal Beneficiary Societies),Astronomy,,,U31 (Astronomy (includes Observatories)),54171,,,,,,http://www.guidestar.org/profile/23-7527028,,,,,,,,,,,,,,,,,,,,,,,,,,,,,,,,,,,,,,,
100 Crystal Falls Mi,23-7550360,,,1940,,,1338 Military St,,Port Huron,MI,Saint Clair,48060,,,501(c)(8) (Fraternal Beneficiary Societies),Insurance,,,Y20 (Insurance Providers/Services (other than Health)),52411,,,,,,http://www.guidestar.org/profile/23-7550360,,,,,,,,,,,,,,,,,,,,,,,,,,,,,,,,,,,,,,,
1 LA Grange TX,23-7569798,,,1972,,,1338 Military St,,Port Huron,MI,Saint Clair,48060,,,501(c)(8) (Fraternal Beneficiary Societies),Insurance,,,Y20 (Insurance Providers/Services (other than Health)),52411,,,,,,http://www.guidestar.org/profile/23-7569798,,,,,,,,,,,,,,,,,,,,,,,,,,,,,,,,,,,,,,,
1 South Norfolk VA,23-7569838,,,1940,,,1338 Military St,,Port Huron,MI,Saint Clair,48060,,,501(c)(8) (Fraternal Beneficiary Societies),Insurance,,,Y20 (Insurance Providers/Services (other than Health)),52411,,,,,,http://www.guidestar.org/profile/23-7569838,,,,,,,,,,,,,,,,,,,,,,,,,,,,,,,,,,,,,,,
1 Eastern Star,23-7580933,,,1972,,,175 Oliver Hill Rd,,Garland,ME,Penobscot,04939,,,501(c)(8) (Fraternal Beneficiary Societies),Farm bureaus and granges,,,K28 (Farm Bureau),813910,8611,8699,,,,http://www.guidestar.org/profile/23-7580933,,,,,,,,,,,,,,,,,,,,,,,,,,,,,,,,,,,,,,,
0277 AMVETS,25-1657651,,,1945,,,9127 Route 286 Hwy W,,Homer City,PA,Indiana,15748,,,501(c)(19) (Post or Organizations of War Veterans),Special population support,,,W30 (Military/Veterans' Organizations),813410,8641,8699,,,,http://www.guidestar.org/profile/25-1657651,http://www.guidestar.org/FinDocuments/2010/251/657/2010-251657651-07274046-9O.pdf,,,,,,,,,,,,,,,,,,,,,,,,,,,,,,,,,,,,,,
100 Pine Street Investment Group L L C,25-1920623,1/1/2017,12/31/2017,2012,2017,990,333 W Wacker Dr Ste 2300,,Chicago,IL,Cook,60606,312-782-5800,N/A,"501(c)(25) (Title Holding Corporations for Multiple Organizations (Pensions, etc.))",Neighborhood associations,,,S22 (Neighborhood/Block Associations),813410,8641,8699,N,,Deloitte Tax LLP,http://www.guidestar.org/profile/25-1920623,http://www.guidestar.org/FinDocuments/2018/251/920/2018-251920623-104e7725-9O.pdf,"$4,125,671 ","$3,984,457 ",,"$4,125,671 ",,,,"$74,356,213 ","$289,644,197 ",$523 ,,,,,"$2,139,433 ",$0 ,$0 ,,"$1,558,837 ",,,,,,,"$68,702 ","$320,465 ","$166,390 ",,,,,Silvana Irazabal,,,,,0
100 Acre Wood Foundation,25-6714457,5/1/2018,4/30/2019,2000,2018,990PF,PO Box 21,,Quakertown,PA,Bucks,18951,215-441-4600,,501(c)(3) Private Nonoperating Foundation,Foundations,,,T22 (Private Independent Foundations),813211,6732,,,,,http://www.guidestar.org/profile/25-6714457,http://www.guidestar.org/FinDocuments/2019/256/714/2019-256714457-112ccff7-F.pdf,"$1,214,649 ","$33,648 ","$1,181,001 ","$1,214,649 ",,,,"$37,056 ","$391,862 ","$37,056 ","$28,000 ",,,,,$0 ,,,"$35,117 ",,,,"$3,625 ",,,,,,,,,,,,,,,
1 1 1 One,26-0046127,1/1/2012,12/31/2012,2004,2012,990,PO Box 325,,Oradell,NJ,Bergen,07649,,,501(c)(3) Public Charity,Cultural awareness,Diversity and intergroup relations,,W24 (Citizen Participation),813410,8641,8699,N,,KATHLEEN BRANDES CPA PC,http://www.guidestar.org/profile/26-0046127,http://www.guidestar.org/FinDocuments/2012/260/046/2012-260046127-0995e626-9.pdf,$38 ,$38 ,,($492),,,($492),"$10,220 ","$10,220 ",,"$10,220 ",,,,,$530 ,$0 ,,"$4,550 ","$3,709 ",$841 ,,$500 ,,,,$31 ,,,,,,,,,,,0
0025 MN Polish White Eagle Service,26-0050820,,,0,,,7566 Ojibway Park Bay,,Saint Paul,MN,Washington,55125,,,501(c)(8) (Fraternal Beneficiary Societies),Cultural awareness,,,"A23 (Cultural, Ethnic Awareness)",71,,,,,,http://www.guidestar.org/profile/26-0050820,,,,,,,,,,,,,,,,,,,,,,,,,,,,,,,,,,,,,,,
100 People of Faith Atlanta Georgiainc,26-0232446,,,2008,,,1949 Mercedes Ct NE,,Atlanta,GA,DeKalb,30345,,,501(c)(3) Public Charity,Protestantism,,,X21 (Protestant),813110,8661,,,,,http://www.guidestar.org/profile/26-0232446,http://www.guidestar.org/FinDocuments/2009/260/232/2009-260232446-065ca99a-Z.pdf,,,,,,,,,,,,,,,,,,,,,,,,,,,,,,,,,,,,,,
100 Friends,26-0256270,1/1/2018,12/31/2018,2008,2018,990EZ,100 Friends C/O Marc Gold 2140 Shattuck Avenue #2050,,Berkeley,CA,Alameda,94704,(415) 425-0136,www.100friends.org,501(c)(3) Public Charity,Philanthropy,Disaster relief,International relations,Q12 (Fund Raising and/or Fund Distribution),813219,8399,,,,T. G. JOHNSON & ASSOCIATES,http://www.guidestar.org/profile/26-0256270,http://www.guidestar.org/FinDocuments/2018/260/256/2018-260256270-116e2d11-Z.pdf,"$50,208 ","$49,934 ",,"$50,208 ",,,,"$177,132 ","$177,132 ",,"$177,132 ",,,,,$0 ,,,"$142,931 ",,,,,,,,,,,,"$5,225 ",,,Prof. Marc Gold ,Mr. Marc Gold ,Director,marcgold@gmail.com,
1 Dream Foundation Inc,26-0320711,1/1/2018,12/31/2018,2007,2018,990EZ,357 Sage St,,San Luis Obispo,CA,San Luis Obispo,93401,805-704-1132,,501(c)(3) Public Charity,Education,,,"B82 (Scholarships, Student Financial Aid, Awards)",813410,8641,8699,,,,http://www.guidestar.org/profile/26-0320711,http://www.guidestar.org/FinDocuments/2018/260/320/2018-260320711-10e364bf-Z.pdf,"$17,975 ","$17,975 ",,"$19,975 ",,,,"$64,932 ","$64,932 ",,"$64,932 ",,,,,,,,"$64,382 ",,,,,,,,,,,,,,,,,,,
"100 Black Men of Greater Kansas City, Inc.",26-0444949,,,2008,,,PO Box 300676,,Kansas City,MO,Jackson,64130,(877) 810-8252,www.100blackmenkc.org,501(c)(3) Public Charity,Community service,,,S82 (Men's Service Clubs),813410,8641,8699,,,,http://www.guidestar.org/profile/26-0444949,,,,,,,,,,,,,,,,,,,,,,,,,,,,,,,,,,,Board Chair is Executive Director ,Jerry Rose ,,jerryrose59@att.net,
100 Black Men of Greater Akron Inc,26-0466444,,,2007,,,PO Box 1382,,Akron,OH,Summit,44309,,,501(c)(3) Public Charity,Community service,,,S82 (Men's Service Clubs),813410,8641,8699,,,,http://www.guidestar.org/profile/26-0466444,http://www.guidestar.org/FinDocuments/2012/260/466/2012-260466444-09c21eb7-Z.pdf,,,,,,,,,,,,,,,,,,,,,,,,,,,,,,,,,,,,,,
1055270 Achievers Circle Toastmaste,26-0477561,,,1945,,,PO Box 2183,,West Covina,CA,Los Angeles,91793,,,501(c)(3) Public Charity,Leadership development,,,W70 (Leadership Development),813410,8641,8699,,,,http://www.guidestar.org/profile/26-0477561,,,,,,,,,,,,,,,,,,,,,,,,,,,,,,,,,,,,,,,
100 Ideas Org Inc,26-0712245,1/1/2008,12/31/2008,2008,2008,990EZ,526 East Park Avenue First Floor    % Abby Dupree,,Tallahassee,FL,Leon,32301,850-222-8156,,501(c)(3) Public Charity,Adult education,,,"B60 (Adult, Continuing Education)",611699,7999,8299,,,CARROLL AND COMPANY CPAS,http://www.guidestar.org/profile/26-0712245,http://www.guidestar.org/FinDocuments/2009/260/712/2009-260712245-0694bf54-Z.pdf,"$7,835 ","$7,835 ",,"$7,835 ",,,,"$129,000 ","$129,000 ",,"$129,000 ",,,,,,,,"$202,333 ",,,,,,,,,,,,"$6,353 ",,,,,,,
1 2 1 Foundation Inc,26-0822071,,,2007,,,20 S Santa Cruz Ave,,Los Gatos,CA,Santa Clara,95030,,,501(c)(3) Public Charity,Philanthropy,,,T12 (Fund Raising and/or Fund Distribution),813219,8399,,,,,http://www.guidestar.org/profile/26-0822071,http://www.guidestar.org/FinDocuments/2009/260/822/2009-260822071-063eabb5-9.pdf,,,,,,,,,,,,,,,,,,,,,,,,,,,,,,,,,,,,,,
1 Sg Michael S Curry Memorial Foundation Inc,26-1211059,10/1/2013,9/30/2014,2008,2013,990,800 2nd Ave Rm 301,,New York,NY,New York,10017,212-577-6600,WWW.SMILESARECONTAGIOUS.ORG,501(c)(3) Public Charity,Education,,,"B82 (Scholarships, Student Financial Aid, Awards)",813410,8641,8699,N,,Salvatore Albanese & Company LLC,http://www.guidestar.org/profile/26-1211059,http://www.guidestar.org/FinDocuments/2014/261/211/2014-261211059-0b2d1108-9.pdf,"$1,224 ","$1,224 ",,"$2,507 ",,,,"$31,769 ","$31,769 ",,"$31,769 ",,,,,"$3,731 ",$0 ,,"$32,960 ","$30,800 ","$2,160 ",$0 ,"$2,125 ",,,,,,,,,,JEFFREY ARONSKY,,,,,0
100 Times Foundation Corporation,26-1211203,1/1/2018,12/31/2018,2008,2018,990PF,PO Box 1365,,Ponte Vedra Beach,FL,Saint Johns,32004,513-579-6360,,501(c)(3) Private Nonoperating Foundation,Foundations,,,T20 (Private Grantmaking Foundations),813211,6732,,,,,http://www.guidestar.org/profile/26-1211203,http://www.guidestar.org/FinDocuments/2018/261/211/2018-261211203-110f2272-F.pdf,"$18,024,633 ","$1,629,866 ","$16,391,227 ","$18,024,633 ",,,,"$259,806 ","$11,434,413 ","$250,386 ","$536,500 ",,,,,$0 ,,,"$554,903 ",,,,"$8,856 ",,,,,,$32 ,,,,,,,,,
1023 Supportive Housing Network Inc,26-1262937,,,2008,,,477 Hamilton St SE,,Atlanta,GA,Fulton,30316,,,501(c)(3) Public Charity,Housing services,,,L80 (Other Housing Support Services),624229,8322,,,,,http://www.guidestar.org/profile/26-1262937,,,,,,,,,,,,,,,,,,,,,,,,,,,,,,,,,,,,,,,
10 X Shooting Sports,26-1285780,,,2009,,,709 S Ursila St,,Monahans,TX,Ward,79756,,,501(c)(3) Public Charity,Sports and recreation,Fishing and hunting,,N61 (Fishing and Hunting Clubs),713990,7911,7993,,,,http://www.guidestar.org/profile/26-1285780,,,,,,,,,,,,,,,,,,,,,,,,,,,,,,,,,,,,,,,
1 Youth at A Time Inc,26-1368079,,,2009,,,C/O Emily James 9530 Avenue L,,Brooklyn,NY,Kings,11236,,,501(c)(3) Public Charity,Youth organizing,,,O50 (Youth Development Programs),813410,8641,8699,,,,http://www.guidestar.org/profile/26-1368079,,,,,,,,,,,,,,,,,,,,,,,,,,,,,,,,,,,,,,,
10000 Little Micro Ideas To Keep You Believing in Cleveland,26-1429591,,,2008,,,PO Box 21435,,Cleveland,OH,Cuyahoga,44121,,,501(c)(3) Public Charity,Community improvement,,,"S20 (Community, Neighborhood Development, Improvement)",813410,8641,8699,,,,http://www.guidestar.org/profile/26-1429591,,,,,,,,,,,,,,,,,,,,,,,,,,,,,,,,,,,,,,,
100-Aker-Wood,26-1481747,1/1/2019,12/31/2019,2008,2019,990EZ,9078 Old Hickory Ln,,Vassar,MI,Tuscola,48768,989-871-9353,N/A,501(c)(3) Public Charity,Wildlife biodiversity,,,D30 (Wildlife Preservation/Protection),813312,8399,8699,,,ANDERSON TUCKEY BERNHARDT & DORAN PC,http://www.guidestar.org/profile/26-1481747,http://www.guidestar.org/FinDocuments/2018/261/481/2018-261481747-108456ec-Z.pdf,"$140,191 ","$105,710 ",,"$140,191 ",,,,"$116,637 ","$116,637 ",,"$116,637 ",,,,,,,,"$25,629 ",,,,,,,,,,,,,,,,,,,
1000 Plus Club of Allen University,26-1654825,,,2008,,,1530 Harden St,,Columbia,SC,Richland,29204,,,501(c)(3) Public Charity,Student services,,,B80 (Student Services and Organizations),611710,8299,8748,,,,http://www.guidestar.org/profile/26-1654825,,,,,,,,,,,,,,,,,,,,,,,,,,,,,,,,,,,,,,,
1-2-3 International Ltd,26-2082215,,,2008,,,13916 E 33rd St,,Tulsa,OK,Tulsa,74134,,,501(c)(3) Public Charity,Special population support,,,P80 (Services to Promote the Independence of Specific Populations),624120,8322,,,,,http://www.guidestar.org/profile/26-2082215,http://www.guidestar.org/FinDocuments/2014/262/082/2014-262082215-0bb18b23-Z.pdf,,,,,,,,,,,,,,,,,,,,,,,,,,,,,,,,,,,,,,
100 Black Men of Coastal Carolina,26-2105444,,,2010,,,3600 S College Rd Ste 390,,Wilmington,NC,New Hanover,28412,,,501(c)(3) Public Charity,Community service,,,S82 (Men's Service Clubs),813410,8641,8699,,,,http://www.guidestar.org/profile/26-2105444,,,,,,,,,,,,,,,,,,,,,,,,,,,,,,,,,,,,,,,
1 - 5 - 4 Ministries,26-2180370,,,2010,,,1133 Radnor Glen Dr,,Nashville,TN,Davidson,37215,,,501(c)(3) Public Charity,Radio,,,X84 (Religious Radio),515112,4832,,,,,http://www.guidestar.org/profile/26-2180370,,,,,,,,,,,,,,,,,,,,,,,,,,,,,,,,,,,,,,,
101 Things,26-2257029,,,2009,,,513 Avenue J NW,,Winter Haven,FL,Polk,33881,,,501(c)(3) Public Charity,Education,,,B99 (Education N.E.C.),611,,,,,,http://www.guidestar.org/profile/26-2257029,http://www.guidestar.org/FinDocuments/2011/262/257/2011-262257029-084f444d-Z.pdf,,,,,,,,,,,,,,,,,,,,,,,,,,,,,,,,,,,,,,
"100 Black Men of Long Beach, Inc.",26-2265187,1/1/2018,12/31/2018,2009,2018,990,701 Pine Ave Ste 130,,Long Beach,CA,Los Angeles,90813,(562) 244-4236,www.100blackmenlbc.com,501(c)(3) Public Charity,Community and economic development,Diversity and intergroup relations,Youth organizing,S01 (Alliance/Advocacy Organizations),813319,8399,8641,N,,TOP TAX PROS,http://www.guidestar.org/profile/26-2265187,http://www.guidestar.org/FinDocuments/2018/262/265/2018-262265187-10f2c96c-9.pdf,$0 ,,,$0 ,,,,"$42,772 ","$42,772 ",,"$42,772 ",,,,,$0 ,$0 ,,"$36,517 ","$30,275 ","$6,242 ",$0 ,,$874 ,,"$2,046 ",,,,,,,LARRY DILLON,Ahmed Carl Saafir ,Mr Howard Carl Perry ,Marketing Director,the100blackmenlbc@yahoo.com,0
08953 Richard A Anderson Mens Auxil,26-2281916,,,1982,,,PO Box 168,,Romayor,TX,Liberty,77368,,,501(c)(19) (Post or Organizations of War Veterans),Special population support,,,W30 (Military/Veterans' Organizations),813410,8641,8699,,,,http://www.guidestar.org/profile/26-2281916,http://www.guidestar.org/FinDocuments/2012/262/281/2012-262281916-09399d3b-ZO.pdf,,,,,,,,,,,,,,,,,,,,,,,,,,,,,,,,,,,,,,
#NAME?,26-2305426,7/1/2018,6/30/2019,2008,2018,990EZ,44 Hampden St,,Springfield,MA,Hampden,01103,(413) 747-7337,,501(c)(3) Public Charity,Health,Special population support,Radio,"P86 (Blind/Visually Impaired Centers, Services)",624120,8322,,,,ACCOUNTAIDES INC,http://www.guidestar.org/profile/26-2305426,http://www.guidestar.org/FinDocuments/2019/262/305/2019-262305426-17063367-Z.pdf,"$5,994 ","$5,994 ",,"$5,994 ",,,,"$101,127 ","$101,127 ",$22 ,"$96,984 ",,"$4,121 ",,,$0 ,,,"$115,523 ",,,,,,,,,,,,,,,,#NAME?,Executive Director,bploh@valleyeyeradio.org,
100 Black Men Capitol Charter Initiative,26-2409649,7/1/2010,6/30/2011,2009,2010,990,PO Box 2286,,Baton Rouge,LA,East Baton Rouge,70821,225-383-0353,,501(c)(3) Public Charity,Community service,,,S82 (Men's Service Clubs),813410,8641,8699,Y,,"Sean Bruno, CPAs",http://www.guidestar.org/profile/26-2409649,http://www.guidestar.org/FinDocuments/2011/262/409/2011-262409649-085084c3-9.pdf,"$695,446 ","($15,903)",,"($1,110,711)",,,"($1,110,711)","$4,432,412 ","$4,432,412 ","$2,240 ","$1,793,418 ","$1,741,967 ",,,"$2,522,092 ","$1,806,157 ",$0 ,,"$4,809,143 ","$3,374,666 ","$1,434,477 ",$0 ,"$37,500 ","$1,128 ","$64,549 ","$52,558 ",,,,"$473,578 ",,,"Winston Decuir, Jr.",,,,,52
101-105 South Eighth Street Apts Housing Development Fund Corp,26-2418821,7/1/2018,6/30/2019,1946,2018,990,191 Joralemon St,,Brooklyn,NY,Kings,11201,718-722-6150,WWW.CCBQ.ORG,501(c)(3) Public Charity,Housing development,,,L21 (Public Housing),531110,6513,6514,Y,,COHNREZNICK LLP,http://www.guidestar.org/profile/26-2418821,http://www.guidestar.org/FinDocuments/2019/262/418/2019-262418821-17117710-9.pdf,"$4,417,811 ","$3,429,499 ",,"$1,786,183 ",,,"$1,786,183 ","$315,327 ","$315,327 ","$50,773 ",,,,,"$260,287 ","$2,631,628 ","$1,709,034 ",,"$328,735 ","$297,596 ","$31,139 ",$0 ,"$12,675 ",,,"$24,981 ","$51,733 ",,"$13,995 ",,,,JEANNE M DIULIO,,,,,0
1000 Women Can Change the World Corporation,26-2428298,,,2008,,,8061 Long Branch Ter Apt 13,,Glen Burnie,MD,Anne Arundel,21061,(410) 707-7378,www.1000WomenCanChangeTheWorld.org,501(c)(3) Public Charity,Public affairs,Community and economic development,Women's rights,S01 (Alliance/Advocacy Organizations),813319,8399,8641,,,,http://www.guidestar.org/profile/26-2428298,,,,,,,,,,,,,,,,,,,,,,,,,,,,,,,,,,,Paula Constantino ,Paula Constantino ,President,paula@w-s-team.com,
100 Black Men of Syracuse Inc,26-2847372,1/1/2018,12/31/2018,2010,2018,990EZ,2610 S Salina St,,Syracuse,NY,Onondaga,13205,315-443-8749,WWW.100BLACKMENSYR.ORG,501(c)(3) Public Charity,Community service,,,S82 (Men's Service Clubs),813410,8641,8699,,,FUST CHARLES CHAMBERS LLP,http://www.guidestar.org/profile/26-2847372,http://www.guidestar.org/FinDocuments/2018/262/847/2018-262847372-17066471-Z.pdf,"$129,142 ","$129,142 ",,"$129,142 ",,,,"$115,071 ","$159,544 ",,"$74,046 ",,"$17,659 ",,"$23,366 ",$0 ,,,"$87,440 ",,,,,,,,,,,,$815 ,,,,,,,
10 Women of Hope Inc,26-2878472,1/1/2017,12/31/2017,2009,2017,990,PO Box 235,,Marietta,GA,Cobb,30061,770-422-0564,HTTP://10WOMENOFHOPE.ORG/,501(c)(3) Public Charity,Human services,,,P20 (Human Service Organizations),624190,8322,,N,,FRICKE & ASSOCIATES PC,http://www.guidestar.org/profile/26-2878472,http://www.guidestar.org/FinDocuments/2017/262/878/2017-262878472-100b50f7-9.pdf,"$110,414 ","$110,414 ",,"$110,414 ",,,"$110,414 ","$85,698 ","$98,366 ",$16 ,"$81,826 ",,"$3,856 ",,,$0 ,$0 ,,"$51,717 ","$49,454 ","$2,263 ",$0 ,,,,,,,,,,,WANDA CALLAHAN,,,,,0
10 12 Church,26-2922391,,,2003,,,PO Box 1512,,Willis,TX,Montgomery,77378,,,501(c)(3) Public Charity,Protestantism,,,X21 (Protestant),813110,8661,,,,,http://www.guidestar.org/profile/26-2922391,,,,,,,,,,,,,,,,,,,,,,,,,,,,,,,,,,,,,,,
1000Flowerz,26-3198745,,,2008,,,87 Florida Ave NW,,Washington,DC,District of Columbia,20001,,,501(c)(3) Private Nonoperating Foundation,Foundations,,,T20 (Private Grantmaking Foundations),813211,6732,,,,,http://www.guidestar.org/profile/26-3198745,,,,,,,,,,,,,,,,,,,,,,,,,,,,,,,,,,,,,,,
100 Black Men of Grenada Inc,26-3310166,1/1/2018,12/31/2018,2010,2018,990EZ,PO Box 1402,,Grenada,MS,Grenada,38902,662-230-3997,N/A,501(c)(3) Public Charity,Community service,,,S82 (Men's Service Clubs),813410,8641,8699,,,JOHN MARK KING CPA PA,http://www.guidestar.org/profile/26-3310166,http://www.guidestar.org/FinDocuments/2018/263/310/2018-263310166-113d1820-Z.pdf,"$10,673 ","$10,673 ",,"$10,673 ",,,,"$37,424 ","$37,424 ",,"$37,424 ",,,,,,,,"$36,250 ",,,,,,,,,,,,"$4,098 ",,,,,,,
100 Black Men of Greater Lafayette Inc,26-3318162,,,2010,,,PO Box 61792,,Lafayette,LA,Lafayette,70596,,,501(c)(3) Public Charity,Community service,,,S82 (Men's Service Clubs),813410,8641,8699,,,,http://www.guidestar.org/profile/26-3318162,,,,,,,,,,,,,,,,,,,,,,,,,,,,,,,,,,,,,,,
10-10 Ministries Inc,26-3655465,1/1/2018,12/31/2018,2010,2018,990EZ,2439 Blueridge Cir,,Prescott,AZ,Yavapai,86301,928-232-0544,1010MINISTRIES.ORG,501(c)(3) Public Charity,Christianity,,,X20 (Christian),813110,8661,,,N,THREE 27 ACCOUNTING SERVICES,http://www.guidestar.org/profile/26-3655465,http://www.guidestar.org/FinDocuments/2018/263/655/2018-263655465-10a4fdfb-Z.pdf,"$68,488 ","$68,488 ",,"$63,785 ",,,,"$185,102 ","$190,001 ",,"$117,508 ",,"$1,231 ",,"$66,363 ","$4,703 ",,,"$176,601 ",,,,,,,,,,,,,,,,,,,
1% for Humanity,26-3664326,,,2009,,,4118 Scott Ave N,,Minneapolis,MN,Hennepin,55422,,www.onepercentforhumanity.org,501(c)(3) Public Charity,Philanthropy,,,T50 (Philanthropy / Charity / Voluntarism Promotion (General)),813219,8399,,,,,http://www.guidestar.org/profile/26-3664326,,,,,,,,,,,,,,,,,,,,,,,,,,,,,,,,,,,Nick Pearson ,Nick Pearson ,,info@onepercentforhumanity.org,
10 Wilmington Place Residence Council,26-3720836,,,2010,,,10 Wilmington Ave Apt 139w,,Dayton,OH,Montgomery,45420,,,501(c)(4) (Civic Leagues and Social Welfare Organizations),Human services,,,P20 (Human Service Organizations),624190,8322,,,,,http://www.guidestar.org/profile/26-3720836,,,,,,,,,,,,,,,,,,,,,,,,,,,,,,,,,,,,,,,
100 Acre Wood Daycare Inc,26-3746691,1/1/2018,12/31/2018,2014,2018,990,1340 Onondaga Rd,,Holt,MI,Ingham,48842,517-694-2458,,501(c)(3) Public Charity,Child care,,,P33 (Child Day Care),624410,8351,,,,SIMPLIFIED ACCOUNTING & TAX SERVICE INC,http://www.guidestar.org/profile/26-3746691,http://www.guidestar.org/FinDocuments/2018/263/746/2018-263746691-17130357-9.pdf,"$56,019 ","$18,644 ",,"$56,019 ",,,"$56,019 ","$522,027 ","$522,027 ",$12 ,,,,,"$522,015 ",$0 ,$0 ,,"$555,076 ","$555,076 ",$0 ,$0 ,"$3,474 ",$710 ,$120 ,"$8,139 ",,,,,,,JACKIE PITCHFORD,,,,,35
100 Black Men of Metro Lake Charles,26-3791944,1/1/2012,12/31/2012,2009,2012,990,PO Box 312,,Lake Charles,LA,Calcasieu,70602,337-217-4280,WWW.100BLACKMENLC.ORG,501(c)(3) Public Charity,Community service,,,S82 (Men's Service Clubs),813410,8641,8699,,,J WALKER & COMPANY APC,http://www.guidestar.org/profile/26-3791944,http://www.guidestar.org/FinDocuments/2012/263/791/2012-263791944-09b0d642-9.pdf,"$1,215 ","$1,215 ",,"$1,215 ",,,"$1,215 ","$8,691 ","$8,691 ",,"$8,691 ",,,,,$0 ,$0 ,,"$11,876 ","$5,432 ","$6,444 ",$0 ,$400 ,$650 ,,,,,,,,,DARRELMETOYER,,,,,0
10 40 Hope Missions Inc,26-3797359,1/1/2018,12/31/2018,2009,2018,990,PO Box 204664,,Augusta,GA,Columbia,30917,(803) 521-3034,http://www.1040hope.org,501(c)(3) Public Charity,Christianity,,,X20 (Christian),813110,8661,,N,,"Robert M. Oswald, CPA, PA",http://www.guidestar.org/profile/26-3797359,http://www.guidestar.org/FinDocuments/2018/263/797/2018-263797359-114ba970-9.pdf,"$18,238 ","$18,238 ",,"$16,773 ",,,,"$105,626 ","$105,626 ",,"$78,080 ",,,,"$27,546 ","$1,465 ",$0 ,,"$93,501 ","$61,197 ","$32,304 ",$0 ,,$523 ,$270 ,,,,,,,,BENJAMIN JOHNSON,Benjamin Johnson ,Benjamin Johnson ,Founder and CEO,ben.johnson@1040hope.org,1
1 Day at A Time,26-4049953,,,2009,,,4811 Duncanville Rd Apt 1807,,Dallas,TX,Dallas,75236,,,501(c)(3) Public Charity,Homeless shelters,,,L41 (Temporary Shelter For the Homeless),624221,8322,,,,,http://www.guidestar.org/profile/26-4049953,,,,,,,,,,,,,,,,,,,,,,,,,,,,,,,,,,,,,,,
100 Por Ciento Vida Asambleas De Dios,26-4196061,,,1964,,,36824 37th St E,,Palmdale,CA,Los Angeles,93550,,,501(c)(3) Public Charity,Religion,,,"X99 (Religion Related, Spiritual Development N.E.C.)",813110,8661,,,,,http://www.guidestar.org/profile/26-4196061,,,,,,,,,,,,,,,,,,,,,,,,,,,,,,,,,,,,,,,
1.21 Ministry Inc.,26-4200711,,,2009,,,2222 Winged Foot Dr,,Missouri City,TX,Fort Bend,77459,(281) 416-0102,onetwentyone.com,501(c)(3) Public Charity,Religion,,,X19 (Nonmonetary Support N.E.C.),813219,8399,,,,,http://www.guidestar.org/profile/26-4200711,,,,,,,,,,,,,,,,,,,,,,,,,,,,,,,,,,,Mr. Darryl M Earnshaw ,Mr. Darryl Earnshaw ,Principal Officer,one21ministry@yahoo.com,
1 Peter 4-10 Foundation Inc,26-4273263,1/1/2018,12/31/2018,2009,2018,990PF,7300 N Comanche Ave,,Warr Acres,OK,Oklahoma,73132,405-721-2797,,501(c)(3) Private Nonoperating Foundation,Animal welfare,,,D20 (Animal Protection and Welfare (includes Humane Societies and SPCAs)),813312,8399,8699,,,,http://www.guidestar.org/profile/26-4273263,http://www.guidestar.org/FinDocuments/2017/264/273/2017-264273263-0f4aff72-F.pdf,"$415,991 ","$415,991 ",,"$415,991 ",,,,"$26,631 ","$2,566 ","$1,602 ","$17,147 ",,,,,$0 ,,,"$18,582 ",,,,"$1,435 ",,,,,,,,,,,,,,,
-please select-,26-4309731,,,2011,,,606 S Five Sisters Dr,,Saint George,UT,Washington,84790,,http://www.beitchaverimutah.org,501(c)(3) Public Charity,Judaism,,,X30 (Jewish),813110,8661,,,,,http://www.guidestar.org/profile/26-4309731,,,,,,,,,,,,,,,,,,,,,,,,,,,,,,,,,,,,Michael Satter ,Treasurer,mssatter@gmail.com,
0009 De,26-4507405,,,2015,,,12385 Sussex Hwy,,Greenwood,DE,Sussex,19950,,,501(c)(19) (Post or Organizations of War Veterans),Special population support,,,W30 (Military/Veterans' Organizations),813410,8641,8699,,,,http://www.guidestar.org/profile/26-4507405,,,,,,,,,,,,,,,,,,,,,,,,,,,,,,,,,,,,,,,
1 On 1 Education Inc,26-4570016,1/1/2013,12/31/2013,2013,2013,990EZ,9801 Chalmers St,,Detroit,MI,Wayne,48213,,,501(c)(3) Public Charity,Education services,,,B90 (Educational Services and Schools - Other),611710,8299,8748,,,CARTER ADVISORY GROUP INC,http://www.guidestar.org/profile/26-4570016,http://www.guidestar.org/FinDocuments/2013/264/570/2013-264570016-0b236875-Z.pdf,"$429,679 ","$429,679 ",,"$429,679 ",,,,,$0 ,,,,,,,$0 ,,,"$265,761 ",,,,,,,,,,,,,,,,,,,
100 Black Men of Greater Monroe Inc,26-4572870,,,2010,,,PO Box 3191,,Monroe,LA,Ouachita,71210,,,501(c)(3) Public Charity,Community service,,,S82 (Men's Service Clubs),813410,8641,8699,,,,http://www.guidestar.org/profile/26-4572870,,,,,,,,,,,,,,,,,,,,,,,,,,,,,,,,,,,,,,,
1 Uphandles Inc,26-4573122,1/1/2018,12/31/2018,2014,2018,990EZ,1409 Pillock Pl,,Silver Spring,MD,Montgomery,20905,240-426-5004,,501(c)(3) Public Charity,Education services,,,B90 (Educational Services and Schools - Other),611710,8299,8748,,N,,http://www.guidestar.org/profile/26-4573122,http://www.guidestar.org/FinDocuments/2017/264/573/2017-264573122-10e4f36c-Z.pdf,"$13,865 ","$13,865 ",,"$13,865 ",,,,"$73,369 ","$73,369 ",,"$73,369 ",,,,,,,,"$60,572 ",,,,,,,,,,,,$655 ,,,,,,,
1 Vision 4 Africa,26-4643936,,,2009,,,4910 SW 31st Ter,,Fort Lauderdale,FL,Broward,33312,,,501(c)(3) Public Charity,Eye diseases,,,"G41 (Eye Diseases, Blindness and Vision Impairments)",813212,8399,,,,,http://www.guidestar.org/profile/26-4643936,,,,,,,,,,,,,,,,,,,,,,,,,,,,,,,,,,,,,,,
1 Talent Inc,26-4659271,,,2009,,,20400 NW 45th Ave,,Miami Gardens,FL,Miami-Dade,33055,,,501(c)(3) Public Charity,Arts and culture,,,"A20 (Arts, Cultural Organizations - Multipurpose)",71,,,,,,http://www.guidestar.org/profile/26-4659271,,,,,,,,,,,,,,,,,,,,,,,,,,,,,,,,,,,,,,,
100CAMERAS INC,26-4692506,1/1/2018,12/31/2018,2010,2018,990EZ,601 W 26th St Ste 325-211,,New York,NY,New York,10001,(347) 674-8098,http://www.100cameras.org,501(c)(3) Public Charity,Visual arts,Human rights,Youth organizing,O50 (Youth Development Programs),813410,8641,8699,,N,ZELIN & ASSOCIATES CPA LLC,http://www.guidestar.org/profile/26-4692506,http://www.guidestar.org/FinDocuments/2018/264/692/2018-264692506-112a993d-Z.pdf,"$109,957 ","$109,957 ",,"$109,957 ",,,,"$58,656 ","$94,320 ",,"$36,980 ",,"$14,008 ","$7,668 ",,,,,"$36,521 ",,,,,,,,,,,,$320 ,,,Angela Popplewell ,Angela Popplewell ,"Co-founder, CEO",Angela@100cameras.org,
1 John 3 Ministries,26-4748358,,,2009,,,1387 Highway 56 S,,Clinton,SC,Laurens,29325,,,501(c)(3) Public Charity,Housing rehabilitation,,,L25 (Housing Rehabilitation),624229,8322,,,,,http://www.guidestar.org/profile/26-4748358,http://www.guidestar.org/FinDocuments/2010/264/748/2010-264748358-074f0e37-Z.pdf,,,,,,,,,,,,,,,,,,,,,,,,,,,,,,,,,,,,,,
1 Oss Heritage Foundation,26-4792317,,,2016,,,120 East Flightline Rd,,Langley Afb,VA,York,23665,,,501(c)(3) Public Charity,Historic preservation,,,"A82 (Historical Societies, Historic Preservation)",712120,8412,,,,,http://www.guidestar.org/profile/26-4792317,,,,,,,,,,,,,,,,,,,,,,,,,,,,,,,,,,,,,,,
1 Plus 1 Programs Inc,27-0094242,,,2005,,,4280 Quail Run Rd,,Jackson,MS,Hinds,39211,,,501(c)(3) Public Charity,Eating disorders,,,"F53 (Eating Disorder, Addiction)",621498,8093,,,,,http://www.guidestar.org/profile/27-0094242,http://www.guidestar.org/FinDocuments/2008/270/094/2008-270094242-067ce2ad-Z.pdf,,,,,,,,,,,,,,,,,,,,,,,,,,,,,,,,,,,,,,
100 Black Men Milledgeville-Oconee Area Inc,27-0094249,,,2013,,,237 Pebblebrook Ln,,Macon,GA,Bibb,31220,,,501(c)(3) Public Charity,Community service,,,S82 (Men's Service Clubs),813410,8641,8699,,,,http://www.guidestar.org/profile/27-0094249,,,,,,,,,,,,,,,,,,,,,,,,,,,,,,,,,,,,,,,
100 Black Men of Greater South Bend Inc,27-0295842,1/1/2018,12/31/2018,2014,2018,990,2043 S Bend Ave PMB 345,,South Bend,IN,St Joseph,46637,574-271-9799,100BLACKMENOFSOUTHBEND.ORG,501(c)(3) Public Charity,Community service,,,S82 (Men's Service Clubs),813410,8641,8699,N,,STEVEN A GOLDBERG CPA,http://www.guidestar.org/profile/27-0295842,http://www.guidestar.org/FinDocuments/2018/270/295/2018-270295842-1157d1d1-9.pdf,"$322,338 ","$321,401 ",,"$322,338 ",,,"$322,338 ","$126,615 ","$186,855 ",$328 ,"$96,524 ",,"($13,702)",,"$43,465 ",$0 ,$0 ,,"$53,861 ","$53,861 ",$0 ,$0 ,"$2,295 ","$2,469 ",,$475 ,,,,,,,ARNOLD SALLIE,,,,,0
100 Bmg Seattle,27-0383453,,,2010,,,455 Massachusetts Ave NW Ste 150166,,Washington,DC,District of Columbia,20001,,,501(c)(3) Public Charity,Community service,,,S82 (Men's Service Clubs),813410,8641,8699,,,,http://www.guidestar.org/profile/27-0383453,http://www.guidestar.org/FinDocuments/2014/270/383/2014-270383453-0b357695-Z.pdf,,,,,,,,,,,,,,,,,,,,,,,,,,,,,,,,,,,,,,
100Th Anniversary of Naval Aviation Foundation,27-0574674,,,2010,,,330 Encinitas Blvd Ste 101,,Encinitas,CA,San Diego,92024,,,501(c)(3) Public Charity,Physical and earth sciences,,,U30 (Physical Sciences/Earth Sciences Research and Promotion),54171,,,,,,http://www.guidestar.org/profile/27-0574674,http://www.guidestar.org/FinDocuments/2014/270/574/2014-270574674-0adc0f61-Z.pdf,,,,,,,,,,,,,,,,,,,,,,,,,,,,,,,,,,,,,,
1 Stop Recovery Inc,27-0638043,1/1/2016,12/31/2016,2014,2016,990EZ,4141 North Fwy Ste 310,,Houston,TX,Harris,77022,713-697-6820,,501(c)(3) Public Charity,Health,,,E99 (Health - General and Rehabilitative N.E.C.),621999,8099,,,N,,http://www.guidestar.org/profile/27-0638043,http://www.guidestar.org/FinDocuments/2016/270/638/2016-270638043-0dd04da4-Z.pdf,"$70,616 ","$70,616 ",,"$70,616 ",,,,"$354,153 ","$354,153 ",$0 ,$0 ,,$0 ,$0 ,"$354,153 ",$0 ,,,"$283,537 ",,,,,,,,,,,,$600 ,,,,,,,
1000 Jobs Haiti Inc,27-0646224,7/1/2017,6/30/2018,2010,2017,990,316 W Main Rd,,Little Compton,RI,Newport,02837,401-635-2414,1000JOBSHAITI.ORG,501(c)(3) Public Charity,Economic development,Entrepreneurship,International development,Q33 (International Relief),813311,8399,,N,,KAHN LITWIN RENZA & CO LTD,http://www.guidestar.org/profile/27-0646224,http://www.guidestar.org/FinDocuments/2018/270/646/2018-270646224-100958a9-9.pdf,$0 ,$0 ,$0 ,$0 ,,,$0 ,"$128,119 ","$128,119 ",,"$93,739 ",,,,"$36,507 ",$0 ,$0 ,,"$150,738 ","$150,448 ",$290 ,$0 ,"$8,984 ",,,,,,,,,,LEROY S CLOSE,,,,,0
1040 INITIATIVE,27-0659329,1/1/2018,12/31/2018,2010,2018,990,PO Box 721765,,Norman,OK,Cleveland,73070,(405) 366-1040,www.1040i.org,501(c)(3) Public Charity,Human services,,,P20 (Human Service Organizations),624190,8322,,N,,,http://www.guidestar.org/profile/27-0659329,http://www.guidestar.org/FinDocuments/2017/270/659/2017-270659329-1045b318-9.pdf,"$1,094,105 ","$677,100 ",,"$1,070,037 ","$494,455 ",,"$575,582 ","$763,735 ","$763,735 ",,"$763,735 ",,,,,"$24,148 ",$0 ,,"$689,704 ","$521,652 ","$115,593 ","$52,459 ",,"$19,514 ",,,,,,"$6,500 ",,,Mike Cousineau,Mike Cousineau ,Sabrina Yaw ,"Vice President, Programs",sabrina@1040i.org,3
100 Good Foundation,27-0670910,,,2009,,,6567 E Casa De Leon Ln              % Glenn Blackmore,,Gold Canyon,AZ,Pinal,85118,,,501(c)(3) Public Charity,Disasters and emergency management,,,M20 (Disaster Preparedness and Relief Services),624230,8322,,,,,http://www.guidestar.org/profile/27-0670910,,,,,,,,,,,,,,,,,,,,,,,,,,,,,,,,,,,,,,,
101St Airborne Division Association Southern California Eagles Chapte,27-0698688,,,2010,,,734 Myrtle Ave,,Glendora,CA,Los Angeles,91741,,,501(c)(19) (Post or Organizations of War Veterans),Special population support,,,W30 (Military/Veterans' Organizations),813410,8641,8699,,,,http://www.guidestar.org/profile/27-0698688,,,,,,,,,,,,,,,,,,,,,,,,,,,,,,,,,,,,,,,
1 2 5 Motorcycle Club,27-0728456,,,2010,,,4617 Tuttle Ave SE,,Minot,ND,Ward,58701,,,501(c)(7) (Social and Recreation Clubs),Clubs,,,"N50 (Recreational, Pleasure, or Social Club)",713990,7911,7993,,,,http://www.guidestar.org/profile/27-0728456,,,,,,,,,,,,,,,,,,,,,,,,,,,,,,,,,,,,,,,
1 Green Planet,27-1030377,1/1/2013,12/31/2013,2010,2013,990,850 SW 7th St Ste 200,,Renton,WA,King,98057,425-996-3513,WWW.1GREENPLANET.ORG,501(c)(3) Public Charity,Recycling,,,C27 (Recycling),813312,8399,8699,N,,SUMMIT ACCOUNTING SERVICES LLC,http://www.guidestar.org/profile/27-1030377,http://www.guidestar.org/FinDocuments/2013/271/030/2013-271030377-0a855b9c-9.pdf,$0 ,$0 ,$0 ,$0 ,,,$0 ,"$282,082 ","$282,082 ",$1 ,"$4,744 ",,,,"$277,337 ",$0 ,$0 ,,"$274,315 ","$134,087 ","$140,228 ",$0 ,,"$51,815 ",,,"$2,904 ",,,,,,MICHAEL SZANYI,,,,,0
100 Women Strong Inc,27-1041148,1/1/2018,12/31/2018,2010,2018,990,PO Box 272,,Saint Joseph,MI,Berrien,49085,(269) 332-1890,www.100womenstrongberrien.com,501(c)(3) Public Charity,Basic and emergency aid,Human services,,"P60 (Emergency Assistance (Food, Clothing, Cash))",624230,8322,,,,RENDEL ELIE & ASSOCIATES PLC,http://www.guidestar.org/profile/27-1041148,http://www.guidestar.org/FinDocuments/2018/271/041/2018-271041148-1128fbb6-9.pdf,"$22,905 ","$22,905 ",,"$22,905 ",,,"$22,905 ","$36,170 ","$41,284 ",,"$28,457 ",,"$7,631 ",,,$0 ,$0 ,,"$16,317 ","$16,317 ",$0 ,$0 ,$685 ,$35 ,,$475 ,,,,,,,NIETA WASHINGTON,Lynne Christiano ,Lynne Christiano ,Co-Chair,lynne.christiano@hotmail.com,0
100 Black Men of Maryland Charter School Initiative Inc,27-1076305,,,2010,,,4413 Liberty Heights Ave,,Gwynn Oak,MD,Baltimore,21207,,,501(c)(3) Public Charity,Charter school education,,,B29 (Charter Schools),611110,8211,,,,,http://www.guidestar.org/profile/27-1076305,,,,,,,,,,,,,,,,,,,,,,,,,,,,,,,,,,,,,,,
1 27 Call Inc,27-1087554,,,2010,,,146 Volunteer Rd,,Murfreesboro,TN,Rutherford,37128,,,501(c)(3) Public Charity,Adoption,,,P31 (Adoption),624110,8322,,,,,http://www.guidestar.org/profile/27-1087554,,,,,,,,,,,,,,,,,,,,,,,,,,,,,,,,,,,,,,,
10 Soccer Club Inc,27-1339391,,,2011,,,6549 E Camino Vis,,Anaheim,CA,Orange,92807,,,501(c)(3) Public Charity,European football,,,N64 (Soccer Clubs/Leagues),713990,7911,7993,,,,http://www.guidestar.org/profile/27-1339391,http://www.guidestar.org/FinDocuments/2013/271/339/2013-271339391-0a776125-Z.pdf,,,,,,,,,,,,,,,,,,,,,,,,,,,,,,,,,,,,,,
100 Black Men of Myrtle Beach Inc,27-1768509,1/1/2018,12/31/2018,2011,2018,990EZ,PO Box 50098,,Myrtle Beach,SC,Horry,29579,850-322-2200,www.lOObmomb.org,501(c)(3) Public Charity,Community service,,,S82 (Men's Service Clubs),813410,8641,8699,,N,,http://www.guidestar.org/profile/27-1768509,http://www.guidestar.org/FinDocuments/2018/271/768/2018-271768509-10dea049-Z.pdf,"$27,354 ","$26,728 ",,"$27,354 ",,,,"$12,810 ","$34,190 ",,"$5,464 ",,"$7,346 ",,,,,,"$16,527 ",,,,,,,,,,,,$166 ,,,,,,,
$0.00 ,27-1921257,,,1984,,,PO Box 842,,Oxford,FL,Sumter,34484,(352) 352-7516,vva1036.org,501(c)(19) (Post or Organizations of War Veterans),Special population support,,,W30 (Military/Veterans' Organizations),813410,8641,8699,,,,http://www.guidestar.org/profile/27-1921257,,,,,,,,,,,,,,,,,,,,,,,,,,,,,,,,,,,,Pete Wagner ,President,pete.wagner@vva1036.org,
1 Step Beyond,27-2022334,,,2011,,,5416 Storm King,,Schertz,TX,Guadalupe,78108,,,501(c)(3) Public Charity,Student services,,,B80 (Student Services and Organizations),611710,8299,8748,,,,http://www.guidestar.org/profile/27-2022334,,,,,,,,,,,,,,,,,,,,,,,,,,,,,,,,,,,,,,,
1 Accord Foundation Inc,27-2048665,,,2010,,,127 Good Folks Rd,,Kearneysville,WV,Jefferson,25430,,,501(c)(3) Public Charity,Human services,,,P20 (Human Service Organizations),624190,8322,,,,,http://www.guidestar.org/profile/27-2048665,,,,,,,,,,,,,,,,,,,,,,,,,,,,,,,,,,,,,,,
100 Black Men of America Incorporated,27-2197170,,,2011,,,PO Box 2435,,Tuscaloosa,AL,Tuscaloosa,35403,,,501(c)(3) Public Charity,Community service,,,S82 (Men's Service Clubs),813410,8641,8699,,,,http://www.guidestar.org/profile/27-2197170,,,,,,,,,,,,,,,,,,,,,,,,,,,,,,,,,,,,,,,
100 FOLD STUDIO,27-2204504,1/1/2018,12/31/2018,2012,2018,990,PO Box 1160,,Lakeside,MT,Flathead,59922,(406) 709-3021,www.100foldstudio.org,501(c)(3) Public Charity,Community and economic development,Christianity,,S11 (Single Organization Support),813219,8399,,N,,Easy Office dba Jitasa,http://www.guidestar.org/profile/27-2204504,http://www.guidestar.org/FinDocuments/2018/272/204/2018-272204504-17068160-9.pdf,"$372,907 ","$178,516 ",,"$359,040 ",$0 ,$0 ,"$359,040 ","$1,211,153 ","$1,211,153 ",$14 ,"$815,900 ","$98,430 ",,,"$394,889 ","$13,867 ",$0 ,,"$1,136,832 ","$716,366 ","$322,171 ","$98,295 ","$5,842 ","$8,340 ","$8,367 ","$11,799 ",,,$327 ,,,"$3,000 ",John Hudson,John Hudson ,Samantha Hudson ,CEO / Co-Founder,sam@100foldstudio.org,26
10 Thousand Windows,27-2505761,9/1/2017,8/31/2018,2010,2017,990,2095 Lakeside Centre Way Ste 101,,Knoxville,TN,Knox,37922,(865) 321-1060,www.10thousandwindows.org,501(c)(3) Public Charity,Employment,Job counseling,,J21 (Vocational Counseling / Guidance / Testing),624310,8331,,N,,LTD GLOBAL LLC,http://www.guidestar.org/profile/27-2505761,http://www.guidestar.org/FinDocuments/2018/272/505/2018-272505761-10746157-9.pdf,"$402,280 ","$381,001 ",,"$384,819 ",,,,"$672,626 ","$672,626 ",$154 ,"$667,503 ",,,,"$3,179 ","$17,461 ",$0 ,,"$572,886 ","$407,494 ","$108,752 ","$56,640 ","$17,689 ","$4,971 ","$14,530 ",$914 ,,,"$6,023 ",,,,,Jeremy Floyd ,Mr. Jeremy Floyd ,Executive Director,jeremy@10thousandwindows.org,2
0 TOLERANCE INC,27-2620044,,,2012,,,3514 Arminto Dr,,Ellenwood,GA,Clayton,30294,(470) 588-1084,www.0ti.org,501(c)(3) Public Charity,Vocational education,Youth development,Community service for youth,B30 (Vocational Technical),61151,,,,,,http://www.guidestar.org/profile/27-2620044,,,,,,,,,,,,,,,,,,,,,,,,,,,,,,,,,,,Mr. Lawrance A Holton II,Mr Lawrance A Holton II,CFO,Lawrance@0ti.org,
10 20 Project,27-2754643,,,2011,,,16 Forest Brook Ct,,Little Rock,AR,Pulaski,72211,,,501(c)(3) Public Charity,Human services,,,P20 (Human Service Organizations),624190,8322,,,,,http://www.guidestar.org/profile/27-2754643,,,,,,,,,,,,,,,,,,,,,,,,,,,,,,,,,,,,,,,
1 Goal,27-2837032,,,2011,,,21 Nottingham Ct,,Columbia,SC,Richland,29209,,,501(c)(3) Public Charity,Basketball,,,N62 (Basketball),713990,7911,7993,,,,http://www.guidestar.org/profile/27-2837032,,,,,,,,,,,,,,,,,,,,,,,,,,,,,,,,,,,,,,,
1 Agape Fellowship of San Marcos,27-2878933,,,2014,,,900 Barbara Dr,,San Marcos,TX,Hays,78666,,,501(c)(3) Public Charity,Christianity,,,X20 (Christian),813110,8661,,,,,http://www.guidestar.org/profile/27-2878933,,,,,,,,,,,,,,,,,,,,,,,,,,,,,,,,,,,,,,,
100 Men of Lorain County,27-3001810,,,2011,,,PO Box 3002,,Lorain,OH,Lorain,44052,,,501(c)(3) Public Charity,Youth organizing,,,O50 (Youth Development Programs),813410,8641,8699,,,,http://www.guidestar.org/profile/27-3001810,,,,,,,,,,,,,,,,,,,,,,,,,,,,,,,,,,,,,,,
1000 Hills Ranch Church,27-3002477,,,2014,,,900 LAKEVIEW DR,,WOODWARD,OK,Woodward,73801,,,501(c)(3) Public Charity,Protestantism,,,X21 (Protestant),813110,8661,,,,,http://www.guidestar.org/profile/27-3002477,,,,,,,,,,,,,,,,,,,,,,,,,,,,,,,,,,,,,,,
1031 Consortium,27-3122607,,,2016,,,9655 Perkins Roadsuite C-1031  Baton Rouge La 70810-1533,,Baton Rouge,LA,East Baton Rouge,70810,,,501(c)(3) Public Charity,Clubs,,,"N50 (Recreational, Pleasure, or Social Club)",713990,7911,7993,,,,http://www.guidestar.org/profile/27-3122607,,,,,,,,,,,,,,,,,,,,,,,,,,,,,,,,,,,,,,,
1-On-1 Art Inc,27-3189243,,,2011,,,15 N Chenevert St Ste 100,,Houston,TX,Harris,77002,,,501(c)(3) Public Charity,Arts education,,,A25 (Arts Education/Schools),611610,7911,8299,,,,http://www.guidestar.org/profile/27-3189243,,,,,,,,,,,,,,,,,,,,,,,,,,,,,,,,,,,,,,,
1 Life Foundation,27-3414165,,,2010,,,1415 Pullen Rd Apt C,,Tallahassee,FL,Leon,32303,,,501(c)(3) Public Charity,Employment,,,J20 (Employment Procurement Assistance and Job Training),624310,8331,,,,,http://www.guidestar.org/profile/27-3414165,,,,,,,,,,,,,,,,,,,,,,,,,,,,,,,,,,,,,,,
100 Black Men of Southwest Florida Inc,27-3591602,,,2014,,,PO BOX 2065,,FORT MYERS,FL,Lee,33902,,,501(c)(3) Public Charity,Community service,,,S82 (Men's Service Clubs),813410,8641,8699,,,,http://www.guidestar.org/profile/27-3591602,,,,,,,,,,,,,,,,,,,,,,,,,,,,,,,,,,,,,,,
100 Women in Gold,27-3655708,,,2013,,,404 Rusty Rd,,Warner Robins,GA,Houston,31088,,,501(c)(3) Public Charity,Education,,,"B82 (Scholarships, Student Financial Aid, Awards)",813410,8641,8699,,,,http://www.guidestar.org/profile/27-3655708,,,,,,,,,,,,,,,,,,,,,,,,,,,,,,,,,,,,,,,
100 Legacy Academy Charter School,27-3713061,,,2014,,,115 Davis Station Rd,,Cream Ridge,NJ,Monmouth,08514,,,501(c)(3) Public Charity,Charter school education,,,B29 (Charter Schools),611110,8211,,,,,http://www.guidestar.org/profile/27-3713061,,,,,,,,,,,,,,,,,,,,,,,,,,,,,,,,,,,,,,,
1 $ WISER CONSUMER EDUCATION INC,27-3842735,11/1/2017,10/31/2018,2012,2017,990EZ,PO Box 191,,Krum,TX,Denton,76249,(972) 292-7279,www.1dollarwiser.com,501(c)(3) Public Charity,Education,Consumer protection,Financial counseling,B99 (Education N.E.C.),611,,,,N,,http://www.guidestar.org/profile/27-3842735,http://www.guidestar.org/FinDocuments/2016/273/842/2016-273842735-0f23e759-Z.pdf,"$127,901 ","$1,460 ",,"$129,401 ",,,,"$16,825 ","$16,825 ",$0 ,"$1,354 ",,$0 ,$0 ,"$15,472 ","($1,500)",,,"$15,711 ",,,,,,,,,,,,$182 ,,,Elizabeth Hubbard ,Elizabeth Hubbard ,Executive Director,ehubbard@1dollarwiser.com,
100 Urban Entrepreneurs Inc,27-3864929,1/1/2011,12/31/2011,2011,2011,990,3 Harbor Rd,,Cold Spring Harbor,NY,Suffolk,11724,877-968-1003,WWW.100URBANENTREPRENEURS.ORG,501(c)(3) Public Charity,Economic development,,,S30 (Economic Development),813410,8641,8699,,,RICHARD A MILLS CPA PC,http://www.guidestar.org/profile/27-3864929,http://www.guidestar.org/FinDocuments/2011/273/864/2011-273864929-08cb5111-9.pdf,"$343,027 ","$3,983 ",,"($449,750)",,,,"$127,080 ","$127,080 ",$80 ,"$127,000 ",,,,,"$792,777 ",$0 ,,"$935,244 ","$349,959 ","$317,756 ","$267,529 ","$17,500 ","$146,100 ","$12,807 ","$3,353 ","$16,650 ",,"$3,737 ",,,,PHILIP RUGILE,,,,,4
08 Church Inc,27-3924877,,,2011,,,501 Belmont Ave Spc 24,,Bakersfield,CA,Kern,93308,,,501(c)(3) Public Charity,Christianity,,,X20 (Christian),813110,8661,,,,,http://www.guidestar.org/profile/27-3924877,,,,,,,,,,,,,,,,,,,,,,,,,,,,,,,,,,,,,,,
1 Step 2 Hope,27-3949762,,,2011,,,3600 Estacado Ln,,Plano,TX,Collin,75025,,,501(c)(3) Public Charity,Basic and emergency aid,,,"P60 (Emergency Assistance (Food, Clothing, Cash))",624230,8322,,,,,http://www.guidestar.org/profile/27-3949762,,,,,,,,,,,,,,,,,,,,,,,,,,,,,,,,,,,,,,,
1 New Heart,27-4027562,1/1/2017,12/31/2017,2012,2017,990EZ,949 Snyder Rd,,Mount Joy,PA,Lancaster,17552,717-430-3423,N/A,501(c)(3) Public Charity,Heart and circulatory system diseases,,,G43 (Heart and Circulatory System),813212,8399,,,,Ritchey Ritchey & Koontz,http://www.guidestar.org/profile/27-4027562,http://www.guidestar.org/FinDocuments/2017/274/027/2017-274027562-0fb1acc0-Z.pdf,"$167,903 ","$2,581 ",,"$167,903 ",,,,"$62,855 ","$62,855 ",$0 ,"$62,855 ",,$0 ,$0 ,$0 ,,,,"$66,534 ",,,,,,,,,,,,$954 ,,,,,,,
1 For 1 Opportunity Network,27-4086530,1/1/2011,12/31/2011,2013,2011,990,2110 E 63rd St,,Long Beach,CA,Los Angeles,90805,562-522-1109,,501(c)(3) Public Charity,Adult and child mentoring,,,"O30 (Adult, Child Matching Programs)",624110,8322,,N,,,http://www.guidestar.org/profile/27-4086530,http://www.guidestar.org/FinDocuments/2011/274/086/2011-274086530-08dd4f05-9.pdf,$0 ,$0 ,$0 ,$0 ,$0 ,$0 ,$0 ,$0 ,$0 ,$0 ,$0 ,$0 ,$0 ,$0 ,,$0 ,$0 ,$0 ,"$1,913 ",$0 ,$0 ,$0 ,$0 ,$0 ,$0 ,$0 ,$0 ,$0 ,$0 ,$0 ,,$0 ,Andre Williams,,,,,
1 Life Fully Lived,27-4590344,11/1/2018,10/31/2019,2011,2018,990,PO Box 1712,,Portola,CA,Plumas,96122,530-932-4336,1lifefullylived.org,501(c)(3) Public Charity,Clubs,,,"N50 (Recreational, Pleasure, or Social Club)",713990,7911,7993,N,N,Denise M Tebbs CPA,http://www.guidestar.org/profile/27-4590344,http://www.guidestar.org/FinDocuments/2018/274/590/2018-274590344-113a53ed-9.pdf,"$72,303 ","$71,719 ",$0 ,"$53,928 ",,,"$53,928 ","$359,028 ","$433,443 ",$0 ,"$239,504 ",,"($30,573)",$0 ,"$150,097 ","$18,375 ",$0 ,,"$315,257 ","$256,262 ","$36,069 ","$22,926 ","$1,900 ","$7,986 ",$0 ,"$2,835 ","$1,598 ",$0 ,$257 ,$0 ,,$0 ,Tim Rhode,,,,,0
"1 PURPOSE, INC",27-4700530,,,2015,,,160 Revolutionary Dr,,Hampton,GA,Henry,30228,(404) 906-2194,www.1-purpose.org,501(c)(3) Public Charity,Community and economic development,Youth development,Shelter and residential care,L12 (Fund Raising and/or Fund Distribution),813219,8399,,,,,http://www.guidestar.org/profile/27-4700530,,,,,,,,,,,,,,,,,,,,,,,,,,,,,,,,,,,,,,,
1 of Us,27-4754653,1/1/2017,12/31/2017,2011,2017,990,8024 Glenwood Ave Ste 200,,Raleigh,NC,Wake,27612,(919) 582-9698,www.1ofus.org,501(c)(3) Public Charity,Health,,,E12 (Fund Raising and/or Fund Distribution),813219,8399,,N,,PT CPAs PLLC,http://www.guidestar.org/profile/27-4754653,http://www.guidestar.org/FinDocuments/2017/274/754/2017-274754653-0fdee0f6-9.pdf,"$192,299 ","$191,067 ",,"$192,299 ",,,"$192,299 ","$169,205 ","$287,350 ",$5 ,"$75,471 ",,"$92,813 ",$916 ,,$0 ,$0 ,,"$180,639 ","$131,993 ","$15,040 ","$33,606 ",,,"$2,324 ","$1,860 ",,,,,,,Stephanie Beguelin,Stephanie Beguelin ,Carla Turchetti ,Operations Manager,carla@1ofus.org,0
100 Men in Black Male Chorus Inc,27-5553506,7/1/2013,6/30/2014,2015,2013,990,1 Carylynn Ct,,Durham,NC,Durham,27703,,www.100mib.org,501(c)(3) Public Charity,Vocal music,,,A6B (Singing Choral),711130,7929,,,,"Fryar Management Group, LLC",http://www.guidestar.org/profile/27-5553506,http://www.guidestar.org/FinDocuments/2014/275/553/2014-275553506-0c98156d-9.pdf,"$8,541 ","$8,541 ",,"$8,541 ",,,"$8,541 ","$62,992 ","$62,992 ",,"$16,692 ",,,,"$46,300 ",$0 ,$0 ,,"$59,056 ","$59,056 ",$0 ,$0 ,,"$2,792 ",,,,,,,,,Marlon West,,,,,0
100 Black Men of Upstate South Carolina Inc,30-0264412,1/1/2018,12/31/2018,2014,2018,990EZ,PO Box 16705,,Greenville,SC,Greenville,29606,864-423-8034,,501(c)(3) Public Charity,Community service,,,S82 (Men's Service Clubs),813410,8641,8699,,N,COLEMANS TAX SERVICE,http://www.guidestar.org/profile/30-0264412,http://www.guidestar.org/FinDocuments/2018/300/264/2018-300264412-10f0197a-Z.pdf,"$20,120 ","$20,120 ",,"$20,120 ",,,,"$10,519 ","$10,519 ",,"$8,653 ",,$0 ,$0 ,,,,,"$14,180 ",,,,,,,,,,,,,,,,,,,
1 Goal Consultants,30-0426352,,,2012,,,5108 S McCoy St,,Independence,MO,Jackson,64055,,,501(c)(3) Public Charity,International development,,,"Q30 (International Development, Relief Services)",813311,8399,,,,,http://www.guidestar.org/profile/30-0426352,http://www.guidestar.org/FinDocuments/2008/300/426/2008-300426352-0922be53-EA.pdf,,,,,,,,,,,,,,,,,,,,,,,,,,,,,,,,,,,,,,
100 Black Men of Greater Youngstown Warren,30-0449699,,,2008,,,4046 Saint Andrews Ct,,Canfield,OH,Mahoning,44406,,,501(c)(3) Public Charity,Community service,,,S82 (Men's Service Clubs),813410,8641,8699,,,,http://www.guidestar.org/profile/30-0449699,,,,,,,,,,,,,,,,,,,,,,,,,,,,,,,,,,,,,,,
1036 Holy Rosary Court,30-0481116,,,1941,,,320 S School St,,Mount Prospect,IL,Cook,60056,,,501(c)(8) (Fraternal Beneficiary Societies),Public safety,,,"I03 (Professional Societies, Associations)",813920,8621,,,,,http://www.guidestar.org/profile/30-0481116,,,,,,,,,,,,,,,,,,,,,,,,,,,,,,,,,,,,,,,
100 Black Catholic Men and Women,30-0511830,,,2009,,,270 Wood Loop St,,Houston,TX,Harris,77015,,,501(c)(3) Public Charity,Catholicism,,,X22 (Roman Catholic),813110,8661,,,,,http://www.guidestar.org/profile/30-0511830,http://www.guidestar.org/FinDocuments/2009/300/511/2009-300511830-05d1e565-9.pdf,,,,,,,,,,,,,,,,,,,,,,,,,,,,,,,,,,,,,,
100 Black Men of Central Virginia Incorporated,30-0598112,1/1/2019,12/31/2019,2010,2019,990EZ,PO Box 8226,,Charlottesville,VA,Charlottesville City,22906,434-242-3427,N/A,501(c)(3) Public Charity,Community service,,,S82 (Men's Service Clubs),813410,8641,8699,,,Tax Ladies LLC,http://www.guidestar.org/profile/30-0598112,,"$17,127 ","$17,127 ",,"$17,127 ",,,,"$52,657 ","$68,621 ",$0 ,"$27,970 ",,"$24,687 ",$0 ,$0 ,,,,"$60,557 ",,,,,,,,,,,,$248 ,,,,,,,
100 Academy Foundation,30-0659513,,,2011,,,9850 S Maryland Pkwy # A5372,,Las Vegas,NV,Clark,89183,,,501(c)(3) Public Charity,Education,,,B12 (Fund Raising and/or Fund Distribution),813219,8399,,,,,http://www.guidestar.org/profile/30-0659513,http://www.guidestar.org/FinDocuments/2015/300/659/2015-300659513-0d3d623d-Z.pdf,,,,,,,,,,,,,,,,,,,,,,,,,,,,,,,,,,,,,,
100 West Corsicana Artist and Writer Residency,30-1001605,,,2019,,,100 W 3rd Ave,,Corsicana,TX,Navarro,75110,,,501(c)(3) Public Charity,Education,,,B99 (Education N.E.C.),611,,,,,,http://www.guidestar.org/profile/30-1001605,,,,,,,,,,,,,,,,,,,,,,,,,,,,,,,,,,,,,,,
1 Hope Foundation Inc,30-1170044,,,2019,,,3451 N Andrews Ave,,Oakland Park,FL,Broward,33309,,,501(c)(3) Public Charity,Human services,,,P20 (Human Service Organizations),624190,8322,,,,,http://www.guidestar.org/profile/30-1170044,,,,,,,,,,,,,,,,,,,,,,,,,,,,,,,,,,,,,,,
0202 Trupartner,31-0239312,1/1/2018,12/31/2018,1969,2018,990,1717 Western Ave,,Cincinnati,OH,Hamilton,45214,513-241-2050,HTTP://WWW.TRUPARTNERCU.ORG,501(c)(14) (Credit Unions and Other Mutual Financial Organizations),Credit unions,,,W61 (Credit Unions),522130,6061,6062,N,Y,WHITMER & COMPANY CPAS LLP,http://www.guidestar.org/profile/31-0239312,http://www.guidestar.org/FinDocuments/2018/310/239/2018-310239312-17112340-9O.pdf,"$151,115,032 ","$56,419,123 ",,"$149,925,480 ",,,,"$7,228,414 ","$7,228,414 ","$1,147,288 ",,,,,"$4,436,830 ","$1,189,552 ",$0 ,,"$6,829,429 ",,,,"$45,500 ","$154,620 ",,,"$664,441 ",,"$228,478 ","$439,649 ",,,KATHY HAAS,,,,,46
0003 Postal Family,31-0240910,1/1/2018,12/31/2018,1969,2018,990,1243 W 8TH ST,,CINCINNATI,OH,Hamilton,45203,513-381-8600,WWW.URMYCU.COM,501(c)(14) (Credit Unions and Other Mutual Financial Organizations),Credit unions,,,W61 (Credit Unions),522130,6061,6062,N,,GBQ PARTNERS LLC,http://www.guidestar.org/profile/31-0240910,http://www.guidestar.org/FinDocuments/2018/310/240/2018-310240910-1130e959-9O.pdf,"$59,119,229 ","$2,984,621 ","$23,696,541 ","$8,538,684 ",,,,"$2,443,053 ","$2,443,053 ","$622,508 ",,,,,"$1,820,545 ","$50,580,545 ",$0 ,,"$2,138,141 ",,,,"$36,486 ","$50,852 ",,"$35,912 ","$120,023 ",,"$3,943 ","$57,881 ",,,RUDY RATTMAN,,,,,14
0005 Wright-Patt Credit Union,31-0278870,1/1/2018,12/31/2018,1969,2018,990,3560 Pentagon Blvd,,Beavercreek,OH,Greene,45431,937-912-7000,WWW.WPCU.COOP,501(c)(14) (Credit Unions and Other Mutual Financial Organizations),Financial services,,,W60 (Financial Institutions/Services (Non-Government Related)),522,,,N,Y,BKD LLP,http://www.guidestar.org/profile/31-0278870,http://www.guidestar.org/FinDocuments/2018/310/278/2018-310278870-17115927-9O.pdf,"$4,428,100,680 ","$585,231,204 ","$276,528,545 ","$498,337,537 ",,,,"$251,057,600 ","$259,505,705 ",$0 ,$0 ,,$0 ,$0 ,"$237,437,652 ","$3,929,763,143 ","$86,188,225 ",$0 ,"$194,917,756 ",,,,"$727,200 ","$2,740,114 ","$2,857,664 ","$471,385 ","$35,302,439 ","$204,334 ","$205,015 ","$3,279,465 ",,$0 ,DOUGLAS A FECHER,,,,,1093
0220 Abbey Credit Union Inc,31-0329725,1/1/2018,12/31/2018,1969,2018,990,800 Falls Creek Dr,,Vandalia,OH,Montgomery,45377,937-898-7800,,501(c)(14) (Credit Unions and Other Mutual Financial Organizations),Credit unions,,,W61 (Credit Unions),522130,6061,6062,N,Y,,http://www.guidestar.org/profile/31-0329725,http://www.guidestar.org/FinDocuments/2018/310/329/2018-310329725-1069e071-9O.pdf,"$96,869,004 ","$21,890,659 ","$893,666 ","$7,442,317 ",,,,"$4,507,451 ","$4,507,451 ","$497,350 ",,,,,"$4,010,101 ","$89,426,687 ",$0 ,,"$4,251,086 ",,,,"$33,071 ","$193,349 ",,"$15,525 ",,,,"$32,522 ",,,,,,,,
0197 Universal 1 Credit Union Inc,31-0387145,1/1/2018,12/31/2018,1969,2018,990,1 River Park Dr,,Dayton,OH,Montgomery,45409,937-225-6800,WWW.UNIVERSAL1CU.ORG,501(c)(14) (Credit Unions and Other Mutual Financial Organizations),Credit unions,,,W61 (Credit Unions),522130,6061,6062,N,Y,RSM US LLP,http://www.guidestar.org/profile/31-0387145,http://www.guidestar.org/FinDocuments/2018/310/387/2018-310387145-110e8977-9O.pdf,"$416,141,862 ","$18,025,550 ","$35,220,613 ","$34,978,038 ",,,,"$21,366,208 ","$21,493,602 ","$1,056,567 ",,,,,"$20,138,995 ","$381,163,824 ",$0 ,,"$20,528,883 ",,,,"$199,099 ","$254,944 ","$2,141,487 ","$84,393 ",$10 ,"$103,436 ","$172,980 ","$466,496 ",,,LOREN A RUSH,,,,,131
0022 Homeland Credit Union Inc,31-0395830,1/1/2018,12/31/2018,1969,2018,990,310 Caldwell St,,Chillicothe,OH,Ross,45601,740-772-8911,WWW.HOMELANDCU.COM,501(c)(14) (Credit Unions and Other Mutual Financial Organizations),Credit unions,,,W61 (Credit Unions),522130,6061,6062,N,Y,GBQ PARTNERS LLC,http://www.guidestar.org/profile/31-0395830,http://www.guidestar.org/FinDocuments/2018/310/395/2018-310395830-17075026-9O.pdf,"$411,760,399 ","$21,126,371 ","$227,197,212 ","$70,025,007 ",,,,"$15,574,565 ","$15,574,565 ","$5,144,180 ",,,,,"$10,430,385 ","$341,735,392 ",$0 ,,"$11,807,653 ",,,,"$83,300 ","$196,429 ",,"$46,333 ","$2,995,691 ",,"$1,278 ","$279,180 ",,,SHAYNE POE,,,,,91
0053 Ih Credit Union,31-0502711,1/1/2018,12/31/2018,1969,2018,990,5000 Urbana Rd,,Springfield,OH,Clark,45502,937-390-1800,WWW.IHCREDITUNION.COM,501(c)(14) (Credit Unions and Other Mutual Financial Organizations),Financial services,,,W60 (Financial Institutions/Services (Non-Government Related)),522,,,N,Y,GBQ PARTNERS LLC,http://www.guidestar.org/profile/31-0502711,http://www.guidestar.org/FinDocuments/2018/310/502/2018-310502711-17058100-9O.pdf,"$296,147,727 ","$6,756,790 ","$91,316,462 ","$49,480,776 ",,,,"$15,242,399 ","$15,242,399 ","$2,273,855 ",,,,,"$12,673,210 ","$246,666,951 ","$55,557,204 ",,"$14,030,586 ",,,,,"$318,980 ",,"$71,418 ","$1,918,457 ",,,,,,ROBB WHITE,,,,,69
0632 Whitewater Community Credit Union Inc,31-0597307,1/1/2019,12/31/2019,1969,2019,990,1157 Harrison Ave,,Harrison,OH,Hamilton,45030,513-202-1306,http://www.whitewaterccu.org,501(c)(14) (Credit Unions and Other Mutual Financial Organizations),Credit unions,,,W61 (Credit Unions),522130,6061,6062,N,,Stoodt's Accounting & Auditing Services,http://www.guidestar.org/profile/31-0597307,http://www.guidestar.org/FinDocuments/2018/310/597/2018-310597307-17112014-9O.pdf,"$8,239,777 ","$482,770 ","$1,123,000 ","$750,535 ",,,,"$570,101 ","$570,101 ","$41,064 ",$0 ,,,,"$519,876 ","$7,489,242 ",$0 ,$0 ,"$538,446 ",$0 ,$0 ,$0 ,"$7,875 ","$11,284 ","$26,674 ","$9,106 ","$29,898 ",$0 ,$0 ,$0 ,,$0 ,Tom Pack,,,,,5
0827 Daymet Credit Union,31-0616172,1/1/2018,12/31/2018,1969,2018,990,PO BOX 13087,,DAYTON,OH,Montgomery,45413,937-236-2562,WWW.DAYMETCU.COM,501(c)(14) (Credit Unions and Other Mutual Financial Organizations),Credit unions,,,W61 (Credit Unions),522130,6061,6062,N,Y,GBQ PARTNERS LLC,http://www.guidestar.org/profile/31-0616172,http://www.guidestar.org/FinDocuments/2018/310/616/2018-310616172-17102697-9O.pdf,"$92,577,243 ","$1,720,553 ","$10,679,794 ","$8,954,330 ",,,,"$5,269,266 ","$5,299,307 ","$341,116 ",,,,,"$4,934,107 ","$83,622,913 ","$3,001,438 ",,"$5,228,742 ",,,,"$34,125 ","$77,872 ",,"$57,821 ","$577,360 ",,"$8,189 ","$2,247 ",,,STEVEN SHORE,,,,,27
0859 Atrium Credit Union Inc,31-0622088,1/1/2019,12/31/2019,1969,2019,990,6051 Market Ave,,Middletown,OH,Warren,45005,513-420-5179,www.atrium4u.org,501(c)(14) (Credit Unions and Other Mutual Financial Organizations),Credit unions,,,W61 (Credit Unions),522130,6061,6062,N,Y,Schmidt & Associates,http://www.guidestar.org/profile/31-0622088,http://www.guidestar.org/FinDocuments/2018/310/622/2018-310622088-10c73447-9O.pdf,"$8,869,550 ","$708,627 ",$0 ,"$1,151,582 ",,,,"$475,230 ","$475,230 ","$97,186 ",$0 ,,,,"$378,044 ","$7,717,968 ",$0 ,$0 ,"$445,751 ","$360,101 ","$85,650 ",$0 ,"$9,540 ","$1,258 ","$36,217 ","$8,756 ","$8,745 ",$0 ,"$2,404 ","$3,753 ",,$0 ,Cindy Cottongim,,,,,8
1024 Montgomery County Credit Union Inc,31-0685324,1/1/2015,12/31/2015,1969,2015,990,409 E Monument Ave Ste 105,,Dayton,OH,Montgomery,45402,937-224-4050,WWW.MCCUINC.COM,501(c)(14) (Credit Unions and Other Mutual Financial Organizations),Public administration,,,W20 (Government and Public Administration),813410,8641,8699,N,,WESTON & COMPANY CPAS LLC,http://www.guidestar.org/profile/31-0685324,http://www.guidestar.org/FinDocuments/2016/310/685/2016-310685324-0d4464e5-9O.pdf,"$26,502,980 ","$17,895,543 ",,"$1,902,556 ",,,,"$903,539 ","$903,539 ","$150,698 ",,,,,"$752,841 ","$24,600,424 ",$0 ,,"$1,442,872 ",$0 ,$0 ,$0 ,"$48,305 ","$25,011 ",,,,,"$18,591 ","$2,340 ",,,CHRISTINE LESLIE,,,,,8
1030 Edison Credit Union Inc,31-0707082,1/1/2018,12/31/2018,1969,2018,990,420 York St,,Springfield,OH,Clark,45505,937-325-3582,www.edisoncu.net,501(c)(14) (Credit Unions and Other Mutual Financial Organizations),Credit unions,,,W61 (Credit Unions),522130,6061,6062,N,,Stoodt's Accounting & Auditing Services,http://www.guidestar.org/profile/31-0707082,http://www.guidestar.org/FinDocuments/2018/310/707/2018-310707082-10a5df18-9O.pdf,"$4,144,781 ","$494,863 ","$1,098,000 ","$485,285 ",,,,"$254,246 ","$254,246 ","$23,547 ",$0 ,,,,"$230,699 ","$3,659,496 ",$0 ,$0 ,"$268,853 ",$0 ,$0 ,$0 ,"$21,671 ","$2,191 ","$10,612 ","$7,463 ",$0 ,$0 ,$668 ,"$2,116 ",,$0 ,Herbert Bushu,,,,,4
1002 Foundation,31-1518488,1/1/2018,12/31/2018,1997,2018,990PF,1201 Edgecliff Pl Apt 1122,,Cincinnati,OH,Hamilton,45206,513-661-3100,,501(c)(3) Private Nonoperating Foundation,Foundations,,,T22 (Private Independent Foundations),813211,6732,,,,,http://www.guidestar.org/profile/31-1518488,http://www.guidestar.org/FinDocuments/2017/311/518/2017-311518488-0f3c58e2-F.pdf,"$370,109 ","$30,646 ","$339,463 ","$370,109 ",,,,"$103,414 ","$117,013 ","$102,357 ","$30,700 ",,,,,,,,"$33,671 ",,,,$975 ,,,,,,,,,,,,,,,
100 Black Men of Cleveland Incorporated,31-1535842,,,1999,,,27801 EUCLID AVE STE 410,,EUCLID,OH,Cuyahoga,44132,,,501(c)(3) Public Charity,Community service,,,S82 (Men's Service Clubs),813410,8641,8699,,,,http://www.guidestar.org/profile/31-1535842,http://www.guidestar.org/FinDocuments/2009/311/535/2009-311535842-06729f70-Z.pdf,,,,,,,,,,,,,,,,,,,,,,,,,,,,,,,,,,,,,,
0987 S C F E Credit Union Inc,31-1571512,1/1/2018,12/31/2018,1969,2018,990,PO Box 1188,,Portsmouth,OH,Scioto,45662,740-353-1628,,501(c)(14) (Credit Unions and Other Mutual Financial Organizations),Financial services,,,W60 (Financial Institutions/Services (Non-Government Related)),522,,,N,,,http://www.guidestar.org/profile/31-1571512,http://www.guidestar.org/FinDocuments/2018/311/571/2018-311571512-10ea04e0-9O.pdf,"$997,933 ","$315,446 ",,"$995,583 ",,,,"$61,921 ","$61,921 ","$1,950 ",,,,,"$59,971 ","$2,350 ",$0 ,,"$50,926 ",,,,"$1,656 ",,,"$2,100 ",,,,,,,Robert Ridenour,,,,,2
100 Black Women of Carson,31-1607371,,,1998,,,603 E University Dr # 337,,Carson,CA,Los Angeles,90746,,,501(c)(3) Public Charity,Interfaith,,,X90 (Interfaith Issues),813110,8661,,,,,http://www.guidestar.org/profile/31-1607371,http://www.guidestar.org/FinDocuments/2012/311/607/2012-311607371-092cfe00-Z.pdf,,,,,,,,,,,,,,,,,,,,,,,,,,,,,,,,,,,,,,
100 Times Foundation,31-1611064,,,1998,,,49 E 4th St Ste 521,,Cincinnati,OH,Hamilton,45202,,,501(c)(3) Private Nonoperating Foundation,Foundations,,,T20 (Private Grantmaking Foundations),813211,6732,,,,,http://www.guidestar.org/profile/31-1611064,http://www.guidestar.org/FinDocuments/2007/311/611/2007-311611064-03fa8b47-F.pdf,,,,,,,,,,,,,,,,,,,,,,,,,,,,,,,,,,,,,,
"10,000 Friends of Pennsylvania",31-1621197,1/1/2018,12/31/2018,1999,2018,990,240 N 3rd St Ste 407,,Harrisburg,PA,Dauphin,17101,(717) 72346070,http://10000friends.org,501(c)(3) Public Charity,Public affairs,Community improvement,Environment,"S20 (Community, Neighborhood Development, Improvement)",813410,8641,8699,N,,WALZ GROUP,http://www.guidestar.org/profile/31-1621197,http://www.guidestar.org/FinDocuments/2018/311/621/2018-311621197-17061996-9.pdf,"$218,019 ","$172,910 ",,"$46,510 ",,,,"$443,203 ","$443,203 ",$107 ,"$382,540 ",,,,"$56,050 ","$171,509 ",$0 ,,"$412,542 ","$371,382 ","$25,256 ","$15,904 ","$19,567 ",,,"$4,232 ",,,,"$8,223 ",,,STACIE REIDENBAUGH,Ms. Stacie Reidenbaugh ,Ms. Stacie Reidenbaugh ,President and CEO,sreidenbaugh@10000friends.org,3
10000 Friends Advocates of Pennsylvania,31-1621198,,,2013,,,240 N 3rd St Ste 407,,Harrisburg,PA,Dauphin,17101,,,501(c)(4) (Civic Leagues and Social Welfare Organizations),Environment,,,C01 (Alliance/Advocacy Organizations),813319,8399,8641,,,,http://www.guidestar.org/profile/31-1621198,,,,,,,,,,,,,,,,,,,,,,,,,,,,,,,,,,,,,,,
100 Black Men of Central Ohio Inc,31-1626725,,,1999,,,1409 E Livingston Ave,,Columbus,OH,Franklin,43205,,,501(c)(3) Public Charity,Community service,,,S82 (Men's Service Clubs),813410,8641,8699,,,,http://www.guidestar.org/profile/31-1626725,,,,,,,,,,,,,,,,,,,,,,,,,,,,,,,,,,,,,,,
100 Blacks Who Care Inc,31-1628801,1/1/2014,12/31/2014,1999,2014,990EZ,593 Vanderbilt Ave Apt 133,,Brooklyn,NY,Kings,11238,718-455-9059,,501(c)(3) Public Charity,Ethnic and racial minority rights,,,S82 (Men's Service Clubs),813410,8641,8699,,,Edgar James CPA,http://www.guidestar.org/profile/31-1628801,http://www.guidestar.org/FinDocuments/2014/311/628/2014-311628801-0ba5bf99-Z.pdf,$12 ,$12 ,,$12 ,,,,"$1,960 ","$1,960 ",,"$1,960 ",,,,,,,,"$1,948 ",,,,,,,,,,,,$107 ,,,,,,,
0Kolona Development Foundation Charities,31-1650204,,,2000,,,PO Box 446,,Okolona,MS,Chickasaw,38860,,,501(c)(3) Public Charity,Business promotion,,,S41 (Promotion of Business (Chambers of Commerce)),813910,8611,8699,,,,http://www.guidestar.org/profile/31-1650204,http://www.guidestar.org/FinDocuments/2006/311/650/2006-311650204-031978fd-9.pdf,,,,,,,,,,,,,,,,,,,,,,,,,,,,,,,,,,,,,,
100 Club of Rabun County Inc,31-1657299,,,1999,,,PO Box 18,,Clayton,GA,Rabun,30525,,,501(c)(3) Public Charity,Law enforcement,,,I60 (Law Enforcement Agencies (Police Departments)),541199,7389,,,,,http://www.guidestar.org/profile/31-1657299,http://www.guidestar.org/FinDocuments/2007/311/657/2007-311657299-0410f6c6-9.pdf,,,,,,,,,,,,,,,,,,,,,,,,,,,,,,,,,,,,,,
100 Black Men of America Inc Greater Dallas Chapter,31-1693479,,,2000,,,PO Box 75222,,Dallas,TX,Dallas,75222,,,501(c)(3) Public Charity,Community service,,,S82 (Men's Service Clubs),813410,8641,8699,,,,http://www.guidestar.org/profile/31-1693479,,,,,,,,,,,,,,,,,,,,,,,,,,,,,,,,,,,,,,,
10 Gen William Lytle,31-1701644,,,1941,,,350 Bridle Creek Dr,,Monroe,OH,Butler,45050,,,501(c)(4) (Civic Leagues and Social Welfare Organizations),Special population support,,,W30 (Military/Veterans' Organizations),813410,8641,8699,,,,http://www.guidestar.org/profile/31-1701644,,,,,,,,,,,,,,,,,,,,,,,,,,,,,,,,,,,,,,,
100 Black Men of the Quad-Citites Inc,31-1717138,1/1/2018,12/31/2018,2012,2018,990EZ,PO Box 1585,,Davenport,IA,Scott,52809,563-505-0269,www.100blackmenqc.org,501(c)(3) Public Charity,Community service,,,S82 (Men's Service Clubs),813410,8641,8699,,N,,http://www.guidestar.org/profile/31-1717138,http://www.guidestar.org/FinDocuments/2018/311/717/2018-311717138-10ddce18-Z.pdf,"$2,312 ","$2,312 ",,"$2,312 ",,,,,,,"$8,000 ",,"$8,000 ",,,,,,"$5,679 ",,,,,,,,,,,,$579 ,,,,,,,
1 For Life Ministries,31-1804676,1/1/2018,12/31/2018,2001,2018,990,504 Natchez Trce,,Jefferson City,MO,Cole,65109,,WWW.1FORLIFEMINISTRIES.COM,501(c)(3) Public Charity,Social sciences,Family counseling,Unknown or not classified,P20 (Human Service Organizations),624190,8322,,N,,FERRERO LESTER PC,http://www.guidestar.org/profile/31-1804676,http://www.guidestar.org/FinDocuments/2018/311/804/2018-311804676-1083ce42-9.pdf,"$5,285 ",$993 ,,"$5,285 ",,,,"$7,618 ","$7,728 ",,"$5,650 ",,,$340 ,$900 ,$0 ,$0 ,,"$8,395 ","$6,069 ","$2,326 ",$0 ,$325 ,,$169 ,,,,,,,,JOE ULVELING,,,,,0
10313 New Carlisle Sertoma Club,31-6085835,,,1964,,,PO Box 36,,New Carlisle,OH,Clark,45344,,,501(c)(3) Public Charity,Community service,,,"S80 (Community Service Clubs (Kiwanis, Lions, Jaycees, etc.))",813410,8641,8699,,,,http://www.guidestar.org/profile/31-6085835,,,,,,,,,,,,,,,,,,,,,,,,,,,,,,,,,,,,,,,
1-150Th Gsab Auxiliary,32-0116044,,,2005,,,PO Box 153,,Jackson,NJ,Ocean,08527,,,501(c)(3) Public Charity,Basic and emergency aid,,,"P60 (Emergency Assistance (Food, Clothing, Cash))",624230,8322,,,,,http://www.guidestar.org/profile/32-0116044,http://www.guidestar.org/FinDocuments/2006/320/116/2006-320116044-0327a5d4-9.pdf,,,,,,,,,,,,,,,,,,,,,,,,,,,,,,,,,,,,,,
1000 Cottages Inc,32-0165400,,,2006,,,1115 Moody Ave                      % Anthony P Griffin,,Galveston,TX,Galveston,77550,,,501(c)(3) Public Charity,Housing development,,,"L20 (Housing Development, Construction, Management)",624229,8322,,,,,http://www.guidestar.org/profile/32-0165400,,,,,,,,,,,,,,,,,,,,,,,,,,,,,,,,,,,,,,,
1 STROKE YOUTH DEVELOPMENT & GANG PREVENTION PROGRAM,32-0332053,,,2014,,,19207 NE 18th Ave,,Miami,FL,Miami-dade,33179,,,501(c)(3) Public Charity,Youth organizing,,,O50 (Youth Development Programs),813410,8641,8699,,,,http://www.guidestar.org/profile/32-0332053,,,,,,,,,,,,,,,,,,,,,,,,,,,,,,,,,,,Cortez Simpson ,Cortez Simpson ,,cortez1stroke@gmail.com,
1 Life 1 Child,32-0390762,,,2014,,,1530 261st St Unit 301,,Harbor City,CA,Los Angeles,90710,,,501(c)(3) Public Charity,Human services,,,P20 (Human Service Organizations),624190,8322,,,,,http://www.guidestar.org/profile/32-0390762,,,,,,,,,,,,,,,,,,,,,,,,,,,,,,,,,,,,,,,
Oct-33,32-0406011,,,2013,,,3919 Millbrook Dr,,Bryant,AR,Saline,72022,,,501(c)(3) Public Charity,Protestantism,,,X21 (Protestant),813110,8661,,,,,http://www.guidestar.org/profile/32-0406011,,,,,,,,,,,,,,,,,,,,,,,,,,,,,,,,,,,,,,,
01420 Inc,32-0495362,,,2018,,,21 Normal Rd,,Fitchburg,MA,Worcester,01420,,,501(c)(3) Public Charity,Public affairs,,,"W99 (Public, Society Benefit - Multipurpose and Other N.E.C.)",813410,8641,8699,,,,http://www.guidestar.org/profile/32-0495362,,,,,,,,,,,,,,,,,,,,,,,,,,,,,,,,,,,,,,,
1-Day Paint & Body Centers Vacation Pay Plan,33-0244711,1/1/2013,12/31/2013,1988,2013,990,11766 Wilshire Blvd,,Los Angeles,CA,Los Angeles,90025,310-478-4148,,501(c)(9) (Employees Associations),Business and industry,,,"Y99 (Mutual/Membership Benefit Organizations, Other N.E.C.)",813410,8641,8699,N,N,RBZ LLP,http://www.guidestar.org/profile/33-0244711,http://www.guidestar.org/FinDocuments/2013/330/244/2013-330244711-0b0c7d80-9O.pdf,$0 ,"$20,556 ",$0 ,$0 ,,,,"$298,631 ","$298,631 ",$0 ,$0 ,,$0 ,$0 ,"$298,631 ",$0 ,$0 ,,"$286,203 ",$0 ,$0 ,$0 ,$0 ,$0 ,$0 ,$0 ,$0 ,$0 ,$0 ,$0 ,,$0 ,,,,,,0
1-26 Association,33-0427401,,,1990,,,848 N Rainbow Blvd Ste 2313,,Las Vegas,NV,Clark,89107,,,501(c)(7) (Social and Recreation Clubs),Sports and recreation,,,"N99 (Other Recreation, Sports, or Leisure Activities N.E.C.)",713990,7911,7993,,,,http://www.guidestar.org/profile/33-0427401,,,,,,,,,,,,,,,,,,,,,,,,,,,,,,,,,,,,,,,
100 Black Men of Orange County Inc,33-0565511,1/1/2017,12/31/2017,1995,2017,990EZ,7545 Irvine Center Dr,,Irvine,CA,Orange,92618,,WWW.100BMOC.COM,501(c)(3) Public Charity,Community service,,,S82 (Men's Service Clubs),813410,8641,8699,,,JJ Davis and Associates,http://www.guidestar.org/profile/33-0565511,http://www.guidestar.org/FinDocuments/2018/330/565/2018-330565511-116b70be-Z.pdf,"$21,048 ","$21,048 ",,"$21,048 ",,,,"$186,535 ","$186,535 ",$4 ,"$179,375 ",,,,"$7,156 ",$0 ,,,"$211,068 ",,,,,,,,,,,,"$13,113 ",,,,,,,
1000 Nr Corporation,33-0718107,,,1998,,,13155 Noel Rd,,Dallas,TX,Dallas,75240,,,"501(c)(25) (Title Holding Corporations for Multiple Organizations (Pensions, etc.))",Real estate,,,S47 (Real Estate Organizations),531390,6531,,,,,http://www.guidestar.org/profile/33-0718107,,,,,,,,,,,,,,,,,,,,,,,,,,,,,,,,,,,,,,,
10 Acre Ranch Inc,33-0728548,1/1/2018,12/31/2018,1997,2018,990,5953 Grand Ave,,Riverside,CA,Riverside,92504,951-784-7081,N/A,501(c)(3) Public Charity,Addiction services,,,"F20 (Alcohol, Drug and Substance Abuse, Dependency Prevention and Treatment)",621420,8093,,N,N,SHOGREN & ASSOCIATES,http://www.guidestar.org/profile/33-0728548,http://www.guidestar.org/FinDocuments/2018/330/728/2018-330728548-10fecd3f-9.pdf,"$1,026,196 ","$760,846 ",$0 ,"$967,100 ",,,"$967,100 ","$4,050,434 ","$4,050,434 ",$12 ,$360 ,,$0 ,$0 ,"$4,050,062 ","$59,096 ",$0 ,,"$3,329,056 ","$2,910,555 ","$418,501 ",$0 ,"$262,571 ","$1,159,873 ",$0 ,"$59,503 ",$801 ,$0 ,$0 ,$0 ,,$0 ,,,,,,0
100 Black Men of San Diego Inc,33-0744248,,,1999,,,PO Box 19037,,San Diego,CA,San Diego,92159,,,501(c)(3) Public Charity,Community service,,,S82 (Men's Service Clubs),813410,8641,8699,,,,http://www.guidestar.org/profile/33-0744248,http://www.guidestar.org/FinDocuments/1999/330/744/1999-330744248-1-Z.pdf,,,,,,,,,,,,,,,,,,,,,,,,,,,,,,,,,,,,,,
0311-CA,33-0826269,,,1945,,,100 Veterans Pkwy,,Barstow,CA,San Bernardino,92311,,,501(c)(19) (Post or Organizations of War Veterans),Special population support,,,W30 (Military/Veterans' Organizations),813410,8641,8699,,,,http://www.guidestar.org/profile/33-0826269,,,,,,,,,,,,,,,,,,,,,,,,,,,,,,,,,,,,,,,
10000 Days Foundation,33-0862802,,,2000,,,11251 Rancho Carmel Dr Unit 503016,,San Diego,CA,San Diego,92150,,,501(c)(3) Private Nonoperating Foundation,Leadership development,,,W70 (Leadership Development),813410,8641,8699,,,,http://www.guidestar.org/profile/33-0862802,http://www.guidestar.org/FinDocuments/2011/330/862/2011-330862802-08551dc6-Z.pdf,,,,,,,,,,,,,,,,,,,,,,,,,,,,,,,,,,,,,,
1-866-Jesus Org,33-0931487,,,2001,,,42036 Moraga Rd Apt 13b,,Temecula,CA,Riverside,92591,,,501(c)(3) Public Charity,Christianity,,,X20 (Christian),813110,8661,,,,,http://www.guidestar.org/profile/33-0931487,,,,,,,,,,,,,,,,,,,,,,,,,,,,,,,,,,,,,,,
"1010 Project, Inc.",33-1056968,1/1/2013,12/31/2013,2004,2013,990EZ,PO Box 9767,,Denver,CO,Denver,80209,(720) 663-8441,www.the1010project.org,501(c)(3) Public Charity,Goodwill promotion,International development,International economics and trade,"Q30 (International Development, Relief Services)",813311,8399,,,,Joseph O Earhart CPA,http://www.guidestar.org/profile/33-1056968,http://www.guidestar.org/FinDocuments/2013/331/056/2013-331056968-0a92ad02-Z.pdf,$0 ,,,$0 ,,,,"$31,976 ","$32,446 ",,"$31,903 ",,($143),$216 ,,,,,"$35,983 ",,,,,,,,,,,,$510 ,,,Mr. Brian Rants ,Mr. Adam Delp ,Chief Operating Officer,info@the1010project.org,
103Rd Ohio Volunteer Infantry CO Inc,34-0443361,8/1/2018,7/31/2019,1940,2018,990EZ,5501 E Lake Rd,,Sheffield Lake,OH,Lorain,44054,440-759-5980,WWW.1030VI.COM,501(c)(7) (Social and Recreation Clubs),Special population support,,,W30 (Military/Veterans' Organizations),813410,8641,8699,,,,http://www.guidestar.org/profile/34-0443361,http://www.guidestar.org/FinDocuments/2019/340/443/2019-340443361-115b894f-ZO.pdf,"$177,745 ","$31,560 ",,"$171,426 ",,,,"$34,982 ","$27,030 ",,"$6,796 ",,"$1,156 ",,,"$6,319 ",,,"$37,159 ",,,,,,,,,,,,"$1,564 ",,,,,,,
1034 Kent Credit Union Inc,34-1019039,1/1/2015,10/31/2015,1969,2015,990,3181 Larchmont Ave NE,,Warren,OH,Trumbull,44483,,WWW.KENTCU.COM,501(c)(14) (Credit Unions and Other Mutual Financial Organizations),Credit unions,,,W61 (Credit Unions),522130,6061,6062,N,Y,,http://www.guidestar.org/profile/34-1019039,http://www.guidestar.org/FinDocuments/2015/341/019/2015-341019039-0ef8a600-9O.pdf,$0 ,$0 ,,$0 ,,,,"$1,973,621 ","$2,532,526 ","$77,626 ",,,,,"$1,895,995 ",$0 ,$0 ,,"$1,888,511 ",,,,"$18,025 ","$24,247 ","$150,964 ","$27,620 ",$19 ,,"$3,600 ",,,,JOSEPH CRAWFIS,,,,,29
0Reen Creek Wildlife Society,34-1431603,,,2002,,,506 Lime St,,Fremont,OH,Sandusky,43420,,,501(c)(3) Public Charity,Domesticated animals,,,"D03 (Professional Societies, Associations)",813920,8621,,,,,http://www.guidestar.org/profile/34-1431603,,,,,,,,,,,,,,,,,,,,,,,,,,,,,,,,,,,,,,,
1-2-1 Together Senior Housing & Services Inc,34-1742987,,,1993,,,2860 E 130th St Ste 3,,Cleveland,OH,Cuyahoga,44120,,,501(c)(3) Public Charity,Retirement housing,,,L22 (Senior Citizens' Housing/Retirement Communities),623312,8361,,,,,http://www.guidestar.org/profile/34-1742987,,,,,,,,,,,,,,,,,,,,,,,,,,,,,,,,,,,,,,,
1-More Community Development Corporation,34-1991160,,,2004,,,2177 Twisted Oak Ln,,Alpine,CA,San Diego,91901,,,501(c)(3) Public Charity,Community improvement,,,"S20 (Community, Neighborhood Development, Improvement)",813410,8641,8699,,,,http://www.guidestar.org/profile/34-1991160,http://www.guidestar.org/FinDocuments/2005/341/991/2005-341991160-02b5b0a2-Z.pdf,,,,,,,,,,,,,,,,,,,,,,,,,,,,,,,,,,,,,,
1032 Ac Credit Union,34-6555235,,,1969,,,PO Box 400,,Bath,OH,Summit,44210,,,501(c)(14) (Credit Unions and Other Mutual Financial Organizations),Credit unions,,,W61 (Credit Unions),522130,6061,6062,,,,http://www.guidestar.org/profile/34-6555235,,,,,,,,,,,,,,,,,,,,,,,,,,,,,,,,,,,,,,,
00672 Local,34-6570349,,,1940,,,25111 Miles Rd Ste H,,Cleveland,OH,Cuyahoga,44128,,,"501(c)(5) (Labor, Agricultural and Horticultural Organizations)",Organized labor,,,J40 (Labor Unions/Organizations),813930,8631,,,,,http://www.guidestar.org/profile/34-6570349,http://www.guidestar.org/FinDocuments/2008/346/570/2008-346570349-04dff549-ZO.pdf,,,,,,,,,,,,,,,,,,,,,,,,,,,,,,,,,,,,,,
"100 Black Men of Indianapolis, Inc.",35-1813852,9/1/2018,8/31/2019,1992,2018,990,3901 N Meridian St Ste 10,,Indianapolis,IN,Marion,46208,(317) 921-1276,www.100BlackMenIndy.org,501(c)(3) Public Charity,Youth organizing,Community service for youth,Community service,O50 (Youth Development Programs),813410,8641,8699,N,,KEMPER CPA GROUP LLP,http://www.guidestar.org/profile/35-1813852,http://www.guidestar.org/FinDocuments/2018/351/813/2018-351813852-1109dda3-9.pdf,"$700,100 ","$695,431 ",,"$637,647 ","$133,825 ",,"$503,822 ","$921,961 ","$1,003,373 ","$7,563 ","$875,160 ",,"$39,238 ",,,"$62,453 ",$0 ,,"$853,037 ","$775,124 ","$58,484 ","$19,429 ","$21,486 ",$81 ,,"$3,035 ",,,,,,,EVERETT T LEWIS,Mr. Murvin S. Enders ,Mr. Murvin Enders ,Executive Director,menders@100blackmenindy.org,2
100Th Monkey Adventures Incorporated,35-2036877,,,1998,,,12454 W Youth Camp Rd,,Columbus,IN,Bartholomew,47201,,,501(c)(3) Public Charity,Crime prevention,,,I21 (Delinquency Prevention),624110,8322,,,,,http://www.guidestar.org/profile/35-2036877,http://www.guidestar.org/FinDocuments/2004/352/036/2004-352036877-01bea9ed-Z.pdf,,,,,,,,,,,,,,,,,,,,,,,,,,,,,,,,,,,,,,
100 Percent Aw Foundation Inc,35-2096918,,,2000,,,501 Alonzo Watson Dr,,South Bend,IN,St Joseph,46601,,,501(c)(3) Public Charity,Public housing,,,L21 (Public Housing),531110,6513,6514,,,,http://www.guidestar.org/profile/35-2096918,http://www.guidestar.org/FinDocuments/2012/352/096/2012-352096918-08dfcd5a-Z.pdf,,,,,,,,,,,,,,,,,,,,,,,,,,,,,,,,,,,,,,
100 Wrong Club Ltd,35-2184098,,,2015,,,90 Flint River Rd,,Jonesboro,GA,Clayton,30238,,,501(c)(3) Public Charity,Olympics,,,N71 (Olympics Committees and Related International Competitions),711211,7941,,,,,http://www.guidestar.org/profile/35-2184098,http://www.guidestar.org/FinDocuments/2005/352/184/2005-352184098-029b28ba-9.pdf,,,,,,,,,,,,,,,,,,,,,,,,,,,,,,,,,,,,,,
100 Black Men of Newton County Inc,35-2225879,,,2005,,,PO Box 2663,,Covington,GA,Newton,30015,,,501(c)(3) Public Charity,Community service,,,S82 (Men's Service Clubs),813410,8641,8699,,,,http://www.guidestar.org/profile/35-2225879,,,,,,,,,,,,,,,,,,,,,,,,,,,,,,,,,,,,,,,
10000 Blankets Inc,35-2256307,1/1/2018,12/31/2018,2007,2018,990,13727 Meadow Ln,,Plainfield,IL,Will,60544,630-321-1555,,501(c)(3) Public Charity,Basic and emergency aid,,,P20 (Human Service Organizations),624190,8322,,,,KGR BROWN & ASSOCIATES,http://www.guidestar.org/profile/35-2256307,http://www.guidestar.org/FinDocuments/2018/352/256/2018-352256307-10a04b26-9.pdf,$0 ,,,$0 ,,,,$0 ,$0 ,,,,,,,$0 ,$0 ,,$0 ,$0 ,$0 ,$0 ,,,,,,,,,,,JEFF LEITNER,,,,,0
0501 Degree of Honor Agents Service,35-2343707,,,1972,,,287 W Lafayette Frt Rd Ste 200,,Saint Paul,MN,Ramsey,55107,,,501(c)(8) (Fraternal Beneficiary Societies),Business and industry,,,Y41 (Fraternal Beneficiary Societies),813410,8641,8699,,,,http://www.guidestar.org/profile/35-2343707,,,,,,,,,,,,,,,,,,,,,,,,,,,,,,,,,,,,,,,
10 Books A Home,35-2348013,1/1/2019,12/31/2019,2010,2019,990,1238 Westminster Ave,,East Palo Alto,CA,San Mateo,94303,(650) 485-4877,www.10booksahome.org,501(c)(3) Public Charity,Education services,,,B90 (Educational Services and Schools - Other),611710,8299,8748,N,,Ahlstrom & Baker CPAs,http://www.guidestar.org/profile/35-2348013,http://www.guidestar.org/FinDocuments/2018/352/348/2018-352348013-17104981-9.pdf,"$197,007 ","$178,076 ",$0 ,"$197,007 ",,,,"$352,603 ","$352,603 ",$158 ,"$352,445 ",,$0 ,$0 ,$0 ,$0 ,$0 ,,"$390,020 ","$339,319 ","$27,299 ","$23,402 ",$10 ,$100 ,$0 ,"$6,719 ",$0 ,$0 ,$450 ,$0 ,,$0 ,,Paul Theibaut III,Mr. Paul Theibaut III ,"Founder, CEO & Chief ILMer",paul@10booksahome.org,0
100 Hearts Inc,35-2424157,,,2018,,,8849 208th St,,Queens Village,NY,Queens,11427,,,501(c)(3) Public Charity,Youth services,,,P30 (Children's and Youth Services),624110,8322,,,,,http://www.guidestar.org/profile/35-2424157,,,,,,,,,,,,,,,,,,,,,,,,,,,,,,,,,,,,,,,
06 UNITED SOCCER CLUB INC,35-2518301,,,2014,,,214 Duffield St Apt 52h,,Brooklyn,NY,Kings,11201,(718) 760-0280,,501(c)(3) Public Charity,European football,,,N64 (Soccer Clubs/Leagues),713990,7911,7993,,,,http://www.guidestar.org/profile/35-2518301,,,,,,,,,,,,,,,,,,,,,,,,,,,,,,,,,,,Andy Chan ,Andy Chan ,Executive Director,andy.chan@06united.com,
04170 Optimist Club of Elkhart in,35-6054356,,,1958,,,101 Homan Ave,,Elkhart,IN,Elkhart,46516,,,501(c)(4) (Civic Leagues and Social Welfare Organizations),Community service for youth,,,O51 (Youth Community Service Clubs),813410,8641,8699,,,,http://www.guidestar.org/profile/35-6054356,http://www.guidestar.org/FinDocuments/2010/356/054/2010-356054356-07525269-ZO.pdf,,,,,,,,,,,,,,,,,,,,,,,,,,,,,,,,,,,,,,
05385 O C of Mooresville in,35-6067633,,,1958,,,430 Tulip Dr,,Mooresville,IN,Morgan,46158,,,501(c)(4) (Civic Leagues and Social Welfare Organizations),Community service for youth,,,O51 (Youth Community Service Clubs),813410,8641,8699,,,,http://www.guidestar.org/profile/35-6067633,http://www.guidestar.org/FinDocuments/2010/356/067/2010-356067633-06cbf1e4-ZO.pdf,,,,,,,,,,,,,,,,,,,,,,,,,,,,,,,,,,,,,,
10-33 Ambulance Service Limited,36-2820932,10/1/2018,9/30/2019,1977,2018,990,3 Wolfer Industrial Park,,Spring Valley,IL,Bureau,61362,815-664-2032,http://www.1033ambulance.org/,501(c)(3) Public Charity,Emergency medical services,,,E62 (Ambulance/Emergency Transport),621910,4119,4522,N,N,Kilday Baxter & Associates LLC,http://www.guidestar.org/profile/36-2820932,http://www.guidestar.org/FinDocuments/2018/362/820/2018-362820932-1077bcb3-9.pdf,"$1,293,034 ","$416,721 ",$0 ,"$1,188,525 ",,,,"$1,812,728 ","$1,812,728 ","$1,857 ","$167,370 ","$74,286 ",$0 ,$0 ,"$1,632,912 ","$104,509 ","$104,133 ",,"$1,611,233 ","$1,330,544 ","$280,689 ",$0 ,"$10,510 ",$579 ,$0 ,"$134,675 ","$3,206 ",$0 ,$0 ,$0 ,,$0 ,Barry Welbers,,,,,44
07968 Chapter,36-3267273,,,1939,,,153 Circle Dr,,Weatherford,OK,Custer,73096,,,501(c)(8) (Fraternal Beneficiary Societies),Business and industry,,,Y41 (Fraternal Beneficiary Societies),813410,8641,8699,,,,http://www.guidestar.org/profile/36-3267273,,,,,,,,,,,,,,,,,,,,,,,,,,,,,,,,,,,,,,,
10-87 Club of Greater Rockford,36-3450695,,,1988,,,PO Box 1087,,Rockford,IL,Winnebago,61105,,,501(c)(3) Public Charity,Clubs,,,"N50 (Recreational, Pleasure, or Social Club)",713990,7911,7993,,,,http://www.guidestar.org/profile/36-3450695,,,,,,,,,,,,,,,,,,,,,,,,,,,,,,,,,,,,,,,
1001 Jefferson Plaza,36-3478382,,,2001,,,1 N Dearborn 7th Flr Ill1,,Chicago,IL,Cook,60670,,,501(c)(2) (Title Holding Corporation),Real estate,,,S47 (Real Estate Organizations),531390,6531,,,,,http://www.guidestar.org/profile/36-3478382,,,,,,,,,,,,,,,,,,,,,,,,,,,,,,,,,,,,,,,
012367 Albany Elementary School,36-3540706,,,1945,,,PO Box 40,,Albany,MN,Stearns,56307,,,501(c)(3) Public Charity,Parent-teacher involvement,,,B94 (Parent Teacher Group),813410,8641,8699,,,,http://www.guidestar.org/profile/36-3540706,http://www.guidestar.org/FinDocuments/2012/363/540/2012-363540706-093b0161-Z.pdf,,,,,,,,,,,,,,,,,,,,,,,,,,,,,,,,,,,,,,
1 Ra Iglesia De La Biblia Abierta,36-3850256,,,1971,,,1901 N Lowell Ave,,Chicago,IL,Cook,60639,,,501(c)(3) Public Charity,Christianity,,,X20 (Christian),813110,8661,,,,,http://www.guidestar.org/profile/36-3850256,http://www.guidestar.org/FinDocuments/1999/363/850/1999-363850256-1-Z.pdf,,,,,,,,,,,,,,,,,,,,,,,,,,,,,,,,,,,,,,
017Th District Advisory Committee,36-4043531,,,1996,,,4461 N Pulaski Rd,,Chicago,IL,Cook,60630,,,501(c)(3) Public Charity,Community improvement,,,"S20 (Community, Neighborhood Development, Improvement)",813410,8641,8699,,,,http://www.guidestar.org/profile/36-4043531,,,,,,,,,,,,,,,,,,,,,,,,,,,,,,,,,,,,,,,
100 Men Association,36-4068528,,,2002,,,192 Nauvoo St,,Park Forest,IL,Cook,60466,,,501(c)(3) Public Charity,Youth organizing,,,O50 (Youth Development Programs),813410,8641,8699,,,,http://www.guidestar.org/profile/36-4068528,,,,,,,,,,,,,,,,,,,,,,,,,,,,,,,,,,,,,,,
1 Chapter Greenbrier Valley,36-4080466,,,1996,,,205 Harts Run Loop Rd,,Caldwell,WV,Greenbrier,24925,,,501(c)(3) Public Charity,Education,,,B11 (Single Organization Support),813219,8399,,,,,http://www.guidestar.org/profile/36-4080466,,,,,,,,,,,,,,,,,,,,,,,,,,,,,,,,,,,,,,,
10 Chapter North Orange County,36-4081252,,,1996,,,12422 Grayling Ave,,Whittier,CA,Los Angeles,90604,,,501(c)(3) Public Charity,Education,,,B11 (Single Organization Support),813219,8399,,,,,http://www.guidestar.org/profile/36-4081252,,,,,,,,,,,,,,,,,,,,,,,,,,,,,,,,,,,,,,,
100 Black Men in Chicago Inc,36-4104895,7/1/2017,6/30/2018,2015,2017,990,3473 S King Dr,,Chicago,IL,Cook,60616,312-441-3418,,501(c)(3) Public Charity,Community service,,,S82 (Men's Service Clubs),813410,8641,8699,N,,Ragland Arnold Buchanan Morris & Associ,http://www.guidestar.org/profile/36-4104895,http://www.guidestar.org/FinDocuments/2017/364/104/2017-364104895-0f3ca100-9.pdf,"$444,895 ","$201,533 ",,"$384,215 ",,,"$384,215 ","$480,943 ","$480,943 ",,"$399,326 ",,,,"$81,617 ","$60,680 ",$0 ,,"$502,444 ","$186,327 ","$194,554 ","$121,563 ",,"$57,889 ",,"$2,647 ",,,,,,,"CARL H. TUTT, JR",,,,,0
100 Psalms,36-4265651,,,1999,,,1061 Elliott Ave,,Aurora,IL,Kane,60505,,,501(c)(3) Public Charity,Christianity,,,X20 (Christian),813110,8661,,,,,http://www.guidestar.org/profile/36-4265651,,,,,,,,,,,,,,,,,,,,,,,,,,,,,,,,,,,,,,,
100 Percent Vida Asambleas De Dios,36-4651091,,,1964,,,43127 40th St W,,Lancaster,CA,Los Angeles,93536,,,501(c)(3) Public Charity,Religion,,,"X99 (Religion Related, Spiritual Development N.E.C.)",813110,8661,,,,,http://www.guidestar.org/profile/36-4651091,,,,,,,,,,,,,,,,,,,,,,,,,,,,,,,,,,,,,,,
0011 California,36-4654777,,,1945,,,190 Pacific Ave,,Redway,CA,Humboldt,95560,,,501(c)(19) (Post or Organizations of War Veterans),Special population support,,,W30 (Military/Veterans' Organizations),813410,8641,8699,,,,http://www.guidestar.org/profile/36-4654777,,,,,,,,,,,,,,,,,,,,,,,,,,,,,,,,,,,,,,,
1 Lucky Dog Rescue,36-4659668,,,2010,,,PO Box 171425,,Hialeah,FL,Miami-Dade,33017,,,501(c)(3) Public Charity,Animal welfare,,,D20 (Animal Protection and Welfare (includes Humane Societies and SPCAs)),813312,8399,8699,,,,http://www.guidestar.org/profile/36-4659668,http://www.guidestar.org/FinDocuments/2010/364/659/2010-364659668-07669aa0-Z.pdf,,,,,,,,,,,,,,,,,,,,,,,,,,,,,,,,,,,,,,
1 Oasis Health Care Services,36-4761619,,,2014,,,2440 SE Federal Hwy Ste T,,Stuart,FL,Martin,34994,,,501(c)(3) Public Charity,In-home aid and personal assistance,,,"P44 (Homemaker, Home Health Aide)",624190,8322,,,,,http://www.guidestar.org/profile/36-4761619,,,,,,,,,,,,,,,,,,,,,,,,,,,,,,,,,,,,,,,
1 Percent for Nature Inc,36-4912784,,,2019,,,PO Box 282,,Stroudsburg,PA,Monroe,18360,,,501(c)(3) Public Charity,Natural resources,,,C30 (Natural Resource Conservation and Protection),813312,8399,8699,,,,http://www.guidestar.org/profile/36-4912784,,,,,,,,,,,,,,,,,,,,,,,,,,,,,,,,,,,,,,,
100 Black Men of Alton Inc,37-1220811,1/1/2018,12/31/2018,1988,2018,990,PO Box 1497,,Alton,IL,Madison,62002,618-978-5716,WWW.100BMA.ORG,501(c)(3) Public Charity,Community service,,,S82 (Men's Service Clubs),813410,8641,8699,N,,"TOMERLIN BOOKKEEPING SERVICE, INC.",http://www.guidestar.org/profile/37-1220811,http://www.guidestar.org/FinDocuments/2018/371/220/2018-371220811-10de5e7e-9.pdf,"$14,883 ","$14,883 ",,"$14,883 ",,,,"$42,276 ","$78,919 ",$9 ,"$2,525 ",,"$39,742 ",,,,$0 ,,"$30,846 ","$30,446 ",$400 ,$0 ,$400 ,,,$475 ,,,,,,,LAWRENCE WILLIAMS,,,,,0
1 Faith Community Ministry Inc,37-1528711,,,2007,,,1304 Montana Dr,,Charlotte,NC,Mecklenburg,28216,,,501(c)(3) Public Charity,Basic and emergency aid,,,"P60 (Emergency Assistance (Food, Clothing, Cash))",624230,8322,,,,,http://www.guidestar.org/profile/37-1528711,,,,,,,,,,,,,,,,,,,,,,,,,,,,,,,,,,,,,,,
04 Ann Arbor Youth Hockey Foundation,37-1741547,,,2014,,,325 E Jefferson St Apt 5,,Ann Arbor,MI,Washtenaw,48104,,,501(c)(3) Private Nonoperating Foundation,Winter sports,,,N68 (Winter Sports (Snow and Ice)),713990,7911,7993,,,,http://www.guidestar.org/profile/37-1741547,,,,,,,,,,,,,,,,,,,,,,,,,,,,,,,,,,,,,,,
10 Million Friends,37-1744517,,,2016,,,2313 N State Highway 47,,Warrenton,MO,Warren,63383,,,501(c)(3) Public Charity,Basic and emergency aid,,,"P60 (Emergency Assistance (Food, Clothing, Cash))",624230,8322,,,,,http://www.guidestar.org/profile/37-1744517,,,,,,,,,,,,,,,,,,,,,,,,,,,,,,,,,,,,,,,
1-To-3,37-1843711,,,2017,,,218 Fairview Ave,,South Pasadena,CA,Los Angeles,91030,,,501(c)(3) Public Charity,Philanthropy,,,T12 (Fund Raising and/or Fund Distribution),813219,8399,,,,,http://www.guidestar.org/profile/37-1843711,,,,,,,,,,,,,,,,,,,,,,,,,,,,,,,,,,,,,,,
102Nd Us Colored Infantry Troops,37-2721469,,,1996,,,2400 Robinson Rd,,Lansing,MI,Ingham,48910,,,501(c)(3) Public Charity,Historic preservation,,,"A82 (Historical Societies, Historic Preservation)",712120,8412,,,,,http://www.guidestar.org/profile/37-2721469,,,,,,,,,,,,,,,,,,,,,,,,,,,,,,,,,,,,,,,
103Rd Infantry Division Association of WW II,38-2499419,,,1990,,,1801 N Hacandorn Rd Ste 006,,E Lansing,MI,Ingham,48823,,,501(c)(19) (Post or Organizations of War Veterans),Public administration,,,W20 (Government and Public Administration),813410,8641,8699,,,,http://www.guidestar.org/profile/38-2499419,,,,,,,,,,,,,,,,,,,,,,,,,,,,,,,,,,,,,,,
101St Airborne Division Air Assault Foundation,38-2755620,,,1988,,,PO Box 2408,,Dearborn,MI,Wayne,48123,,,501(c)(3) Private Nonoperating Foundation,Museums,,,A50 (Museum & Museum Activities),712110,8412,,,,,http://www.guidestar.org/profile/38-2755620,http://www.guidestar.org/FinDocuments/1999/382/755/1999-382755620-1-F.pdf,,,,,,,,,,,,,,,,,,,,,,,,,,,,,,,,,,,,,,
102Nd CO B Usctblack History Group,38-3007893,,,2000,,,1728 Sheridan St,,Detroit,MI,Wayne,48214,,,501(c)(3) Public Charity,Historical activities,,,A80 (Historical Societies and Related Activities),712120,8412,,,,,http://www.guidestar.org/profile/38-3007893,,,,,,,,,,,,,,,,,,,,,,,,,,,,,,,,,,,,,,,
100 Black Men of Greater Detroit Inc,38-3124115,1/1/2018,12/31/2018,1994,2018,990EZ,1 Ford Pl,,Detroit,MI,Wayne,48202,313-874-4811,www.100blackmendetroit.org,501(c)(3) Public Charity,Community service,,,S82 (Men's Service Clubs),813410,8641,8699,,N,,http://www.guidestar.org/profile/38-3124115,http://www.guidestar.org/FinDocuments/2018/383/124/2018-383124115-104f00b1-Z.pdf,"$163,451 ","$143,646 ",,"$163,451 ",,,,"$173,271 ",,$0 ,"$168,196 ",,"$5,075 ",$0 ,$0 ,$0 ,,,"$166,945 ",,,,,,,,,,,,$877 ,,,,,,,
1000 Missionary Movement North America Inc,38-3255026,1/1/2013,12/31/2013,1997,2013,990EZ,PO Box 1673,,Owensboro,KY,Daviess,42302,270-684-0777,WWW.1000MM.US,501(c)(3) Public Charity,Christianity,,,X20 (Christian),813110,8661,,,N,Clemens Guthrie & Wurth LLP,http://www.guidestar.org/profile/38-3255026,http://www.guidestar.org/FinDocuments/2013/383/255/2013-383255026-0afda7ff-Z.pdf,"$63,163 ","$2,769 ",,"$61,416 ",,,,"$37,918 ","$37,918 ",,"$37,918 ",,,,,"$1,747 ",,,"$32,621 ",,,,,,,,,,,,,,,,,,,
1 Family Pet Charities Inc,38-3843799,,,2014,,,1704 NW Federal Hwy,,Stuart,FL,Martin,34994,,,501(c)(3) Public Charity,Animal welfare,,,D20 (Animal Protection and Welfare (includes Humane Societies and SPCAs)),813312,8399,8699,,,,http://www.guidestar.org/profile/38-3843799,,,,,,,,,,,,,,,,,,,,,,,,,,,,,,,,,,,,,,,
1 Voice Can Help,38-3850792,,,2012,,,3290 Palm Aire Dr,,Rochester Hills,MI,Oakland,48309,,,501(c)(3) Public Charity,Historical activities,,,A80 (Historical Societies and Related Activities),712120,8412,,,,,http://www.guidestar.org/profile/38-3850792,,,,,,,,,,,,,,,,,,,,,,,,,,,,,,,,,,,,,,,
1 Thing Better Foundation,38-3868253,1/1/2018,12/31/2018,2013,2018,990PF,2345 Dean Way,,Southlake,TX,Tarrant,76092,972-280-8079,,501(c)(3) Private Nonoperating Foundation,Foundations,,,T20 (Private Grantmaking Foundations),813211,6732,,,,,http://www.guidestar.org/profile/38-3868253,http://www.guidestar.org/FinDocuments/2018/383/868/2018-383868253-17145250-F.pdf,"$183,922 ","$183,922 ",,"$183,922 ",,,,"$180,360 ","$180,360 ",$0 ,"$175,500 ",,,,,$0 ,,,"$185,030 ",,,,"$6,468 ",,,,,,,,,,,,,,,
03XX FOUNDATION,38-3915658,,,2015,,,1321 Heritage Acres Blvd,,Rockledge,FL,Brevard,32955,(847) 868-0399,https://03xxfoundation.org,501(c)(3) Public Charity,Special population support,,,W30 (Military/Veterans' Organizations),813410,8641,8699,,,,http://www.guidestar.org/profile/38-3915658,http://www.guidestar.org/FinDocuments/2013/383/915/2013-383915658-0b69fba1-Z.pdf,,,,,,,,,,,,,,,,,,,,,,,,,,,,,,,,,,Mr. Gabe Castleberry ,Mr. Gabe V Castleberry Jr,Executive Director,info@03xxfoundation.org,
1 Cat 1 Cat at A Time,38-4024118,,,2017,,,PO Box 904,,Cloudcroft,NM,Otero,88317,,,501(c)(3) Public Charity,Animal welfare,,,D20 (Animal Protection and Welfare (includes Humane Societies and SPCAs)),813312,8399,8699,,,,http://www.guidestar.org/profile/38-4024118,,,,,,,,,,,,,,,,,,,,,,,,,,,,,,,,,,,,,,,
062 Inc,38-4126157,,,2020,,,1029 W 35th St,,Chicago,IL,Cook,60609,,,501(c)(3) Public Charity,Arts and culture,,,"A20 (Arts, Cultural Organizations - Multipurpose)",71,,,,,,http://www.guidestar.org/profile/38-4126157,,,,,,,,,,,,,,,,,,,,,,,,,,,,,,,,,,,,,,,
100 Mile Snow Safari Inc,39-1220596,,,1977,,,PO Box 196,,Laona,WI,Forest,54541,,,501(c)(4) (Civic Leagues and Social Welfare Organizations),Wildlife biodiversity,,,D30 (Wildlife Preservation/Protection),813312,8399,8699,,,,http://www.guidestar.org/profile/39-1220596,,,,,,,,,,,,,,,,,,,,,,,,,,,,,,,,,,,,,,,
1040 Club Mixed Handicap Bowling League,39-1526417,,,1985,,,2616 N 48th St,,Milwaukee,WI,Milwaukee,53210,,,501(c)(7) (Social and Recreation Clubs),Sports,,,"N60 (Amateur Sports Clubs, Leagues, N.E.C.)",713990,7911,7993,,,,http://www.guidestar.org/profile/39-1526417,,,,,,,,,,,,,,,,,,,,,,,,,,,,,,,,,,,,,,,
100 Black Men of Milwaukee Inc,39-1734030,1/1/2017,12/31/2017,2014,2017,990PF,PO Box 340616,,Milwaukee,WI,Milwaukee,53234,414-737-3939,,501(c)(3) Private Nonoperating Foundation,Community service,,,S82 (Men's Service Clubs),813410,8641,8699,,,,http://www.guidestar.org/profile/39-1734030,http://www.guidestar.org/FinDocuments/2016/391/734/2016-391734030-0ece37c2-F.pdf,"$3,066 ","$3,066 ",,"$3,066 ",,,,$110 ,"$1,366 ",$0 ,$0 ,,,,,$0 ,,,$110 ,,,,$110 ,,,,,,,,,,,,,,,
100 Black Men of Madison Inc,39-1803848,1/1/2018,12/31/2018,1996,2018,990,PO Box 787,,Madison,WI,Dane,53701,,,501(c)(3) Public Charity,Community service,,,S82 (Men's Service Clubs),813410,8641,8699,,,ROBERT C ROTH CPA SC,http://www.guidestar.org/profile/39-1803848,http://www.guidestar.org/FinDocuments/2018/391/803/2018-391803848-17118379-9.pdf,"$319,301 ","$189,193 ",,"$312,208 ",,,"$312,208 ","$241,779 ","$241,779 ","$1,049 ","$240,730 ",,,,,"$7,093 ",$0 ,,"$248,138 ","$204,176 ","$30,000 ","$13,962 ","$2,759 ","$7,954 ","$4,042 ","$1,102 ","$2,270 ",,,,,,ANTHONY TIMMONS,,,,,0
100 Black Women of Milwaukee Inc,39-1819298,,,1996,,,PO Box 1007,,Milwaukee,WI,Milwaukee,53201,,,501(c)(3) Private Nonoperating Foundation,Youth development,,,O99 (Other Youth Development N.E.C.),624110,8322,,,,,http://www.guidestar.org/profile/39-1819298,,,,,,,,,,,,,,,,,,,,,,,,,,,,,,,,,,,,,,,
"100 Friends of Wisconsin Action Fund, Inc.",39-1857261,,,1996,,,16 N Carroll St Ste 810,,Madison,WI,Dane,53703,,,501(c)(4) (Civic Leagues and Social Welfare Organizations),Human rights,,,"R99 (Civil Rights, Social Action, and Advocacy N.E.C.)",813311,8399,,,,,http://www.guidestar.org/profile/39-1857261,http://www.guidestar.org/FinDocuments/2004/391/857/2004-391857261-01a0419e-Z.pdf,,,,,,,,,,,,,,,,,,,,,,,,,,,,,,,,,,,,,,
1000 FRIENDS OF WISCONSIN INC,39-1857262,1/1/2017,12/31/2017,1996,2017,990,16 N Carroll St Ste 800,,Madison,WI,Dane,53703,(608) 259-1000,www.1kfriends.org,501(c)(3) Public Charity,Natural resources,Land resources,,C30 (Natural Resource Conservation and Protection),813312,8399,8699,N,,JOHNSON BLOCK & CO INC,http://www.guidestar.org/profile/39-1857262,http://www.guidestar.org/FinDocuments/2018/391/857/2018-391857262-115edecd-9.pdf,"$178,524 ","$164,311 ",,"$127,626 ","$30,169 ",,"$97,457 ","$249,436 ","$265,168 ",$51 ,"$206,816 ",,"($15,732)",,"$12,788 ","$50,898 ",$0 ,,"$194,386 ","$160,419 ","$24,129 ","$9,838 ","$6,158 ",$75 ,,"$1,656 ",,,"$6,920 ",$674 ,,,JEAN WELLS,Deb Nemeth ,Deb Nemeth ,Executive Director,dnemeth@1kfriends.org,3
1-2-3 Health Access Inc,39-1938183,,,1999,,,5707 N 74th St,,Milwaukee,WI,Milwaukee,53218,,,501(c)(3) Private Nonoperating Foundation,Human services,,,P20 (Human Service Organizations),624190,8322,,,,,http://www.guidestar.org/profile/39-1938183,,,,,,,,,,,,,,,,,,,,,,,,,,,,,,,,,,,,,,,
101055 Stoughton Area Ll,39-2017205,,,2017,,,PO BOX 161,,STOUGHTON,WI,Dane,53589,,,501(c)(3) Public Charity,Baseball and softball,,,"N63 (Baseball, Softball (includes Little Leagues))",713990,7911,7993,,,,http://www.guidestar.org/profile/39-2017205,http://www.guidestar.org/FinDocuments/2010/392/017/2010-392017205-0691ea06-Z.pdf,,,,,,,,,,,,,,,,,,,,,,,,,,,,,,,,,,,,,,
0113B Local,39-6097452,,,1941,,,608 E Baltimore Pike,,Media,PA,Delaware,19063,,,"501(c)(5) (Labor, Agricultural and Horticultural Organizations)",Organized labor,,,J40 (Labor Unions/Organizations),813930,8631,,,,,http://www.guidestar.org/profile/39-6097452,http://www.guidestar.org/FinDocuments/2007/396/097/2007-396097452-039d81e9-ZO.pdf,,,,,,,,,,,,,,,,,,,,,,,,,,,,,,,,,,,,,,
0037 Tops MN Fergus Falls,41-1645528,,,2008,,,615 E Fir Ave,,Fergus Falls,MN,Otter Tail,56537,,,501(c)(3) Public Charity,Public health,,,E70 (Public Health Program),621999,8099,,,,,http://www.guidestar.org/profile/41-1645528,,,,,,,,,,,,,,,,,,,,,,,,,,,,,,,,,,,,,,,
10000 Lakes Chapter of International Code Council,41-1674036,1/1/2018,12/31/2018,2002,2018,990EZ,PO Box 9327,,Saint Paul,MN,Ramsey,55109,651-266-9025,WWW.10KLAKES.ORG,501(c)(4) (Civic Leagues and Social Welfare Organizations),Business promotion,,,S41 (Promotion of Business (Chambers of Commerce)),813910,8611,8699,,,CARPENTER EVERT & ASSOCIATES LTD,http://www.guidestar.org/profile/41-1674036,http://www.guidestar.org/FinDocuments/2018/411/674/2018-411674036-10abce02-ZO.pdf,"$82,208 ","$82,208 ",,"$74,260 ",,,,"$67,609 ","$70,399 ",,"$9,025 ",,$140 ,,"$58,438 ","$7,948 ",,,"$66,495 ",,,,,,,,,,,,,,,,,,,
10-25 Tomorrow Foundation,41-1894487,1/1/2018,12/31/2018,1998,2018,990PF,PO Box 5628,,Minneapolis,MN,Hennepin,55440,952-674-2800,,501(c)(3) Private Nonoperating Foundation,Foundations,,,T90 (Named Trusts/Foundations N.E.C.),813211,6732,,,,,http://www.guidestar.org/profile/41-1894487,http://www.guidestar.org/FinDocuments/2018/411/894/2018-411894487-10bd753b-F.pdf,"$515,943 ","$12,332 ",,"$515,943 ",,,,"$90,461 ","$165,195 ","$40,107 ","$80,000 ",,,,,$0 ,,,"$87,156 ",,,,$895 ,,,,$59 ,,,,,,,,,,,
0123 Parents and Children Together,41-2082466,,,2003,,,908 W Hill Rd,,Laramie,WY,Albany,82072,,,501(c)(3) Private Nonoperating Foundation,Family services,,,P40 (Family Services),624190,8322,,,,,http://www.guidestar.org/profile/41-2082466,,,,,,,,,,,,,,,,,,,,,,,,,,,,,,,,,,,,,,,
1000 FRIENDS OF IOWA,42-1474232,1/1/2018,12/31/2018,1998,2018,990EZ,3850 Merle Hay Rd Ste 605,,Des Moines,IA,Polk,50310,(515) 288-5364,www.1000friendsofiowa.org,501(c)(3) Public Charity,Land resources,Civic participation,Environment,C01 (Alliance/Advocacy Organizations),813319,8399,8641,,N,NEWMAN ACCOUNTING SOLUTIONS,http://www.guidestar.org/profile/42-1474232,http://www.guidestar.org/FinDocuments/2018/421/474/2018-421474232-114a9737-Z.pdf,"$13,461 ","$13,461 ",,"$12,951 ",,,,"$90,504 ","$90,504 ",$1 ,"$90,503 ",,,,,$510 ,,,"$78,065 ",,,,,,,,,,,,"$2,380 ",,,LaVon Griffieon ,Crystal Leto ,,crystal.r.leto@gmail.com,
100 Black Men of Quad Cities Inc,42-1484263,,,2000,,,2029 E 46th St,,Davenport,IA,Scott,52807,,,501(c)(3) Public Charity,Community service,,,S82 (Men's Service Clubs),813410,8641,8699,,,,http://www.guidestar.org/profile/42-1484263,http://www.guidestar.org/FinDocuments/2006/421/484/2006-421484263-03d7d8c3-Z.pdf,,,,,,,,,,,,,,,,,,,,,,,,,,,,,,,,,,,,,,
100 For Kids Utah Credit Union Education Foundation,42-1562278,1/1/2018,12/31/2018,2003,2018,990,455 E 500 S Ste 500,,Salt Lake City,UT,Salt Lake,84111,801-887-2332,,501(c)(3) Public Charity,Credit unions,,,W61 (Credit Unions),522130,6061,6062,,,BIERWOLF & NILSON LLC,http://www.guidestar.org/profile/42-1562278,http://www.guidestar.org/FinDocuments/2017/421/562/2017-421562278-1025903d-9.pdf,"$553,267 ","$553,267 ",,"$426,716 ",,,"$426,716 ","$109,932 ","$109,932 ","$5,401 ","$104,531 ",,,,,"$126,551 ",$0 ,,"$127,130 ","$84,448 ","$42,682 ",$0 ,"$5,691 ",,,$976 ,,,,,,,SCOTT SIMPSON,,,,,1
100 Black Men of America,42-1590355,1/1/2018,12/31/2018,2005,2018,990EZ,PO Box 202,,Canton,MS,Madison,39046,601-859-2627,,501(c)(3) Public Charity,Community service,,,S82 (Men's Service Clubs),813410,8641,8699,,,THE MYLES FIRM PLLC,http://www.guidestar.org/profile/42-1590355,http://www.guidestar.org/FinDocuments/2018/421/590/2018-421590355-10d37795-Z.pdf,"$144,989 ","$98,489 ",,"$144,989 ",,,,"$33,278 ","$33,278 ",,"$33,278 ",,,,,,,,"$61,658 ",,,,,,,,,,,,$250 ,,,,,,,
00736 Local,42-1693318,,,1940,,,2874 Price Dr Ste 1,,Memphis,TN,Shelby,38134,,,"501(c)(5) (Labor, Agricultural and Horticultural Organizations)",Organized labor,,,J40 (Labor Unions/Organizations),813930,8631,,,,,http://www.guidestar.org/profile/42-1693318,http://www.guidestar.org/FinDocuments/2010/421/693/2010-421693318-098bdd2c-ZO.pdf,,,,,,,,,,,,,,,,,,,,,,,,,,,,,,,,,,,,,,
100 Black Men,43-1566609,1/1/2018,12/31/2018,1991,2018,990,4631 Delmar Blvd,,Saint Louis,MO,Saint Louis City,63108,314-367-7778,,501(c)(3) Public Charity,Community service,,,S82 (Men's Service Clubs),813410,8641,8699,N,,Soldon Ferguson & Associates LLC,http://www.guidestar.org/profile/43-1566609,http://www.guidestar.org/FinDocuments/2017/431/566/2017-431566609-10d003f7-9.pdf,"$750,990 ","$70,006 ","$69,309 ","$457,139 ",,,"$457,139 ","$169,178 ","$131,780 ",,"$60,736 ",,"$106,673 ",,,"$293,851 ","$269,002 ",,"$156,000 ","$28,531 ","$75,287 ","$52,182 ",,,,"$6,059 ","$1,794 ",,,,,,Quinlinus Henry,,,,,1
1-2-1 Ministries,43-1737843,1/1/2013,12/31/2013,1996,2013,990EZ,1723 S West Byp Ste A,,Springfield,MO,Greene,65807,,,501(c)(3) Public Charity,Religion for youth,,,"O55 (Religious Leadership, Youth Development)",813410,8641,8699,,,Wray Accounting and Tax Service LLC,http://www.guidestar.org/profile/43-1737843,http://www.guidestar.org/FinDocuments/2013/431/737/2013-431737843-0aac4756-Z.pdf,"$12,273 ","$11,355 ",,"$12,273 ",,,,"$52,422 ","$52,422 ",,"$49,412 ",,,,,$0 ,,,"$53,476 ",,,,,,,,,,,,"$1,548 ",,,,,,,
100 Men of Blue Hill,43-1778468,1/1/2019,12/31/2019,2003,2019,990,C/O Mark Porter 7123 Myrtle Avenue,,Kansas City,MO,Jackson,64132,816-361-0707,N/A,501(c)(3) Public Charity,Community organizing,,,S21 (Community Coalitions),813410,8641,8699,N,,Arbor Creek Tax Service LLC,http://www.guidestar.org/profile/43-1778468,http://www.guidestar.org/FinDocuments/2017/431/778/2017-431778468-0f484e0e-9.pdf,"$4,972 ","$4,972 ",,"$4,972 ",,,"$4,972 ","$368,791 ","$368,791 ",,,,,,"$368,791 ",$0 ,$0 ,,"$369,339 ","$330,839 ","$25,275 ","$13,225 ","$1,225 ",,,,,,,,,,Markel Porter,,,,,0
1000 Friends of Metropolitan Detroit,43-1954882,,,2002,,,PO Box 20189,,Ferndale,MI,Oakland,48220,,,501(c)(3) Public Charity,Environment,,,C01 (Alliance/Advocacy Organizations),813319,8399,8641,,,,http://www.guidestar.org/profile/43-1954882,,,,,,,,,,,,,,,,,,,,,,,,,,,,,,,,,,,,,,,
1-Blue Planet Foundation Ltd,43-1994485,,,2003,,,56 Strawberry Hill Rd,,Acton,MA,Middlesex,01720,,,501(c)(3) Public Charity,Disaster relief,,,Q33 (International Relief),813311,8399,,,,,http://www.guidestar.org/profile/43-1994485,http://www.guidestar.org/FinDocuments/2004/431/994/2004-431994485-03f30db2-Z.pdf,,,,,,,,,,,,,,,,,,,,,,,,,,,,,,,,,,,,,,
1013 Club of Charlotte NC,45-0557805,,,2007,,,5922 Weddington Rd Ste A5,,Matthews,NC,Union,28104,,,501(c)(7) (Social and Recreation Clubs),Clubs,,,"N50 (Recreational, Pleasure, or Social Club)",713990,7911,7993,,,,http://www.guidestar.org/profile/45-0557805,,,,,,,,,,,,,,,,,,,,,,,,,,,,,,,,,,,,,,,
10-90 Copperstate Foundation Inc,45-0648377,1/1/2019,12/31/2019,2011,2019,990,6109 N Palo Cristi Rd,,Paradise Valley,AZ,Maricopa,85253,602-692-5650,WWW.1090FOUNDATION.ORG,501(c)(3) Public Charity,Public safety,,,M12 (Fund Raising and/or Fund Distribution),813219,8399,,N,,PRICE KONG & CO CPA PA,http://www.guidestar.org/profile/45-0648377,http://www.guidestar.org/FinDocuments/2017/450/648/2017-450648377-0f2aa6ab-Z.pdf,"$468,414 ","$468,414 ",,"$468,414 ",,,"$468,414 ","$151,250 ","$151,250 ","$1,211 ","$110,000 ",,,,"$40,039 ",$0 ,$0 ,,"$121,946 ","$115,911 ","$1,375 ","$4,660 ",$950 ,"$1,281 ",,,,,,,,,DANIEL DIETHELM,,,,,0
100 Black Men of Greater Richmond Inc,45-1069183,,,2016,,,2711 Buford Rd Ste 212,,North Chesterfield,VA,Chesterfield,23235,,,501(c)(3) Public Charity,Youth organizing,,,O50 (Youth Development Programs),813410,8641,8699,,,,http://www.guidestar.org/profile/45-1069183,,,,,,,,,,,,,,,,,,,,,,,,,,,,,,,,,,,,,,,
10-7 K9 Association,45-1600216,,,2015,,,618 W Vista Dr,,Garland,TX,Dallas,75041,,,501(c)(3) Public Charity,Law enforcement,,,I60 (Law Enforcement Agencies (Police Departments)),541199,7389,,,,,http://www.guidestar.org/profile/45-1600216,,,,,,,,,,,,,,,,,,,,,,,,,,,,,,,,,,,,,,,
1 Guy 2 Wheels 4 Vets Inc,45-1790475,,,2011,,,765 Rainbow Mountain Rd,,Boone,NC,Watauga,28607,,,501(c)(3) Public Charity,Public administration,,,W20 (Government and Public Administration),813410,8641,8699,,,,http://www.guidestar.org/profile/45-1790475,,,,,,,,,,,,,,,,,,,,,,,,,,,,,,,,,,,,,,,
100 Club of Cheboygan County Inc,45-1793835,,,2019,,,3167 Chippewa Beach Rd,,Indian River,MI,Cheboygan,49749,,,501(c)(3) Private Nonoperating Foundation,Basic and emergency aid,,,"P60 (Emergency Assistance (Food, Clothing, Cash))",624230,8322,,,,,http://www.guidestar.org/profile/45-1793835,,,,,,,,,,,,,,,,,,,,,,,,,,,,,,,,,,,,,,,
100 SOLUTION INC,45-1861412,,,2012,,,300 Lark Dr,,York Haven,PA,York,17370,(443) 472-5685,www.the100dollarsolution.org,501(c)(3) Public Charity,Community improvement,,,"S20 (Community, Neighborhood Development, Improvement)",813410,8641,8699,,,,http://www.guidestar.org/profile/45-1861412,,,,,,,,,,,,,,,,,,,,,,,,,,,,,,,,,,,Eric T Griswold ,Mr. Eric T Griswold ,Chief Executive Officer & Chairman of the Board,Eric@the100dollarsolution.org,
1012 Collective Corp,45-2612331,1/1/2018,12/31/2018,2012,2018,990EZ,1012 11th St,,Modesto,CA,Stanislaus,95354,209-613-1418,N/A,501(c)(7) (Social and Recreation Clubs),Clubs,,,"N50 (Recreational, Pleasure, or Social Club)",713990,7911,7993,,,GRIMBLEBY COLEMAN CPAS INC,http://www.guidestar.org/profile/45-2612331,http://www.guidestar.org/FinDocuments/2018/452/612/2018-452612331-10b4121b-ZO.pdf,"$41,857 ","$24,196 ",,"$41,857 ",,,,"$59,960 ","$59,960 ",$13 ,"$59,947 ",,,,,,,,"$69,929 ",,,,,,,,,,,,,,,,,,,
100 Hole Club Inc,45-2713199,1/1/2017,12/31/2017,2012,2017,990EZ,1656 Peacock Dr,,Turlock,CA,Stanislaus,95382,949-370-0843,N/A,501(c)(3) Public Charity,Foundations,,,T30 (Public Foundations),813211,6732,,,N,Boss Deller & Company,http://www.guidestar.org/profile/45-2713199,http://www.guidestar.org/FinDocuments/2017/452/713/2017-452713199-1022e941-Z.pdf,$121 ,$121 ,,$121 ,,,,$0 ,,,,,,,,,,,,,,,,,,,,,,,,,,,,,,
10 Girls Foundation,45-2760522,,,2013,,,5482 Wilshire Blvd # 1547,,Los Angeles,CA,Los Angeles,90036,,,501(c)(3) Public Charity,Youth services,,,O22 (Girls Clubs),624110,8322,,,,,http://www.guidestar.org/profile/45-2760522,,,,,,,,,,,,,,,,,,,,,,,,,,,,,,,,,,,,,,,
10-4 Corporation,45-3019229,,,2014,,,5160 Diamond Cir,,Tuscaloosa,AL,Tuscaloosa,35405,,,501(c)(3) Public Charity,Human services,,,P99 (Human Services - Multipurpose and Other N.E.C.),624190,8322,,,,,http://www.guidestar.org/profile/45-3019229,,,,,,,,,,,,,,,,,,,,,,,,,,,,,,,,,,,,,,,
1 Giant Mind Inc,45-3053826,1/1/2017,12/31/2017,2012,2017,990EZ,13428 Maxella Ave # 253,,Marina Del Rey,CA,Los Angeles,90292,,WWW.1GIANTMIND.ORG,501(c)(3) Public Charity,Mental health care,Public health,Spirituality,"U50 (Biological, Life Science Research includes Marine Biology, Physiology, Biochemistry, Genetics, Biotechnology, etc.)",54171,,,,,,http://www.guidestar.org/profile/45-3053826,http://www.guidestar.org/FinDocuments/2017/453/053/2017-453053826-0f61fa10-Z.pdf,,,,,,,,"$174,253 ","$182,707 ",,"$16,782 ",,$0 ,$0 ,,,,,"$2,569 ",,,,,,,,,,,,,,,,,,,
1 Million 4 Anna Foundation,45-3102803,1/1/2019,12/31/2019,2012,2019,990,15301 Dallas Pkwy,,Addison,TX,Dallas,75001,,WWW.1MILLION4ANNA.ORG,501(c)(3) Public Charity,Health,,,H12 (Fund Raising and/or Fund Distribution),813219,8399,,N,,Susan K Miller CPA LLC,http://www.guidestar.org/profile/45-3102803,http://www.guidestar.org/FinDocuments/2018/453/102/2018-453102803-113c8e6b-9.pdf,"$1,712,452 ","$411,096 ","$1,301,356 ","$1,712,171 ",,,"$1,712,171 ","$543,099 ","$1,214,580 ","$32,612 ","$753,960 ",,"($237,963)",,,$281 ,$0 ,,"$559,689 ","$456,514 ","$28,304 ","$74,871 ","$6,392 ",,$525 ,"$2,901 ",,"$12,245 ","$1,345 ",,,,CAROL BASSO,,,,,2
1011 First Avenue Inc,45-3278012,,,1946,,,1011 1st Ave,,New York,NY,New York,10022,,,501(c)(3) Public Charity,Special needs education,,,"B28 (Specialized Education Institutions/Schools for Visually or Hearing Impaired, Learning Disabled)",611699,7999,8299,,,,http://www.guidestar.org/profile/45-3278012,,,,,,,,,,,,,,,,,,,,,,,,,,,,,,,,,,,,,,,
100 Black Women of Augusta,45-3360248,,,2014,,,2083 Willhaven Dr,,Augusta,GA,Richmond,30909,,,501(c)(3) Public Charity,Historical activities,,,A80 (Historical Societies and Related Activities),712120,8412,,,,,http://www.guidestar.org/profile/45-3360248,,,,,,,,,,,,,,,,,,,,,,,,,,,,,,,,,,,,,,,
100Aw Performance Rally Group,45-3565926,,,2013,,,1008 N Bompart Ave,,Saint Louis,MO,Saint Louis,63119,,,501(c)(4) (Civic Leagues and Social Welfare Organizations),Foundations,,,T31 (Community Foundations),813211,6732,,,,,http://www.guidestar.org/profile/45-3565926,http://www.guidestar.org/FinDocuments/2013/453/565/2013-453565926-0a6421ce-ZO.pdf,,,,,,,,,,,,,,,,,,,,,,,,,,,,,,,,,,,,,,
1 Less Hungry Kid Inc,45-3733037,,,2012,,,13680 W San Juan Ave,,Litchfield Park,AZ,Maricopa,85340,,,501(c)(3) Public Charity,Dining services,,,K34 (Congregate Meals),624210,8322,,,,,http://www.guidestar.org/profile/45-3733037,http://www.guidestar.org/FinDocuments/2012/453/733/2012-453733037-089e654d-Z.pdf,,,,,,,,,,,,,,,,,,,,,,,,,,,,,,,,,,,,,,
1 Motherhouse United Inc,45-3754417,,,2012,,,4600 NW 2nd Ave,,Miami,FL,Miami-Dade,33127,,,501(c)(3) Public Charity,Youth development,,,O12 (Fund Raising and/or Fund Distribution),813219,8399,,,,,http://www.guidestar.org/profile/45-3754417,,,,,,,,,,,,,,,,,,,,,,,,,,,,,,,,,,,,,,,
1 Body Communities Inc,45-3912086,1/1/2018,12/31/2018,2013,2018,990,15488 N Nebraska Ave,,Lutz,FL,Hillsborough,33549,813-264-7778,www.1bodyglobal.com,501(c)(3) Public Charity,Christianity,,,X20 (Christian),813110,8661,,N,N,Natherson & Company PA,http://www.guidestar.org/profile/45-3912086,http://www.guidestar.org/FinDocuments/2018/453/912/2018-453912086-1081d628-9.pdf,"$101,885 ","$4,554 ",$0 ,"$101,885 ",,,"$101,885 ","$60,568 ","$60,568 ",$2 ,"$60,566 ",,$0 ,$0 ,$0 ,$0 ,$0 ,,"$106,744 ","$94,071 ","$11,703 ",$970 ,$0 ,$408 ,$0 ,"$1,447 ",$0 ,$0 ,$0 ,$0 ,,$0 ,Damian Gerke,,,,,1
100 Hearts 1 Mission Foundation Inc,45-3971960,1/1/2018,12/31/2018,2014,2018,990PF,150 153rd Ave,,Madeira Beach,FL,Pinellas,33708,727-394-1403,,501(c)(3) Private Nonoperating Foundation,Human services,,,P12 (Fund Raising and/or Fund Distribution),813219,8399,,,,,http://www.guidestar.org/profile/45-3971960,http://www.guidestar.org/FinDocuments/2018/453/971/2018-453971960-17145284-F.pdf,"$103,492 ","$103,492 ",,"$103,492 ",,,,$455 ,$455 ,$425 ,"$121,117 ",,,,,$0 ,,,"$123,320 ",,,,"$1,006 ",,,,,,$0 ,,$230 ,,,,,,,
1000 Urban Scholars,45-3988623,1/1/2018,12/31/2018,2014,2018,990PF,4804 Butterworth Pl NW,,Washington,DC,District of Columbia,20016,703-795-9068,,501(c)(3) Private Nonoperating Foundation,Foundations,,,T22 (Private Independent Foundations),813211,6732,,,,,http://www.guidestar.org/profile/45-3988623,http://www.guidestar.org/FinDocuments/2018/453/988/2018-453988623-17040379-F.pdf,"$26,737 ","$4,332 ","$22,405 ","$26,737 ",,,,"$1,853 ","$27,551 ",$603 ,"$17,000 ",,,,,$0 ,,,"$19,350 ",,,,"$2,200 ",,,,,,,,,,,,,,,
1 Voice Inc,45-4096001,,,2012,,,200 Brookview Ln,,Irmo,SC,Richland,29063,,,"501(c)(6) (Business Leagues, etc.)",Business promotion,,,S41 (Promotion of Business (Chambers of Commerce)),813910,8611,8699,,,,http://www.guidestar.org/profile/45-4096001,,,,,,,,,,,,,,,,,,,,,,,,,,,,,,,,,,,,,,,
100 Wheels Inc,45-4145760,,,2013,,,PO Box 13686,,Atlanta,GA,Fulton,30324,,,501(c)(3) Public Charity,Developmental disability services,,,P82 (Developmentally Disabled Services/Centers),624120,8322,,,,,http://www.guidestar.org/profile/45-4145760,,,,,,,,,,,,,,,,,,,,,,,,,,,,,,,,,,,,,,,
1 Stunnas Motorsports Community Inc,45-4234503,,,2013,,,1242 Columbia Dr,,Decatur,GA,DeKalb,30032,,,501(c)(3) Public Charity,Community service,,,"S80 (Community Service Clubs (Kiwanis, Lions, Jaycees, etc.))",813410,8641,8699,,,,http://www.guidestar.org/profile/45-4234503,,,,,,,,,,,,,,,,,,,,,,,,,,,,,,,,,,,,,,,
10 HAIRY LEGS,45-4274038,7/1/2018,6/30/2019,2012,2018,990,PO Box 153,,South Plainfield,NJ,Middlesex,07080,(732) 991-5955,www.10HL.org,501(c)(3) Public Charity,Arts and culture,Arts education,Dance,A62 (Dance),711120,7922,,N,,JAMES M WOOD CPA,http://www.guidestar.org/profile/45-4274038,http://www.guidestar.org/FinDocuments/2018/454/274/2018-454274038-10264392-9.pdf,"$46,619 ","$2,971 ",,"$17,853 ",,,"$17,853 ","$318,031 ","$318,031 ",,"$143,306 ","$18,000 ",,,"$172,559 ","$28,766 ",$0 ,,"$300,508 ","$240,150 ","$29,379 ","$30,979 ","$3,500 ","$8,493 ",,"$9,171 ",,,,,,,ELIZABETH SHAFF SOBO,Mr. Randy James ,Mrs. Elizabeth S Sobo ,Executive Director,bsobo@10HL.org,9
100 Thousand Poets for Change,45-4373569,,,2013,,,5187 Icicle Hl,,Tallahassee,FL,Leon,32303,,,501(c)(3) Public Charity,Humanities,,,A70 (Humanities Organizations),71,,,,,,http://www.guidestar.org/profile/45-4373569,,,,,,,,,,,,,,,,,,,,,,,,,,,,,,,,,,,,,,,
04 Foundation Inc,45-4469512,,,2012,,,93 Pleasant St,,Manchester,MA,Essex,01944,,,501(c)(3) Public Charity,Foundations,,,T30 (Public Foundations),813211,6732,,,,,http://www.guidestar.org/profile/45-4469512,,,,,,,,,,,,,,,,,,,,,,,,,,,,,,,,,,,,,,,
1040 Foundation,45-4472703,1/1/2017,12/31/2017,2012,2017,990EZ,1698 S Wolfe Rd,,Sunnyvale,CA,Santa Clara,94087,408-738-3300,N/A,501(c)(3) Public Charity,Special population support,,,P80 (Services to Promote the Independence of Specific Populations),624120,8322,,,N,RONG FU CPA,http://www.guidestar.org/profile/45-4472703,http://www.guidestar.org/FinDocuments/2018/454/472/2018-454472703-116ba2c5-Z.pdf,$0 ,,,$0 ,,,,$0 ,,,,,,,,,,,,,,,,,,,,,,,,,,,,,,
100 Black Men of Prince Georges County Inc,45-4510886,1/1/2017,9/30/2017,2013,2017,990EZ,9103 Woodmore Center Dr # 361,,Lanham,MD,Prince Georges,20706,301-349-1009,www.100princegeorges.org,501(c)(3) Public Charity,Youth organizing,,,O50 (Youth Development Programs),813410,8641,8699,,,"SBBK Services and Solutions, LLC",http://www.guidestar.org/profile/45-4510886,,"$139,104 ","$68,916 ",,"$139,104 ",,,,"$105,663 ","$148,067 ",,"$80,199 ",,"$24,658 ",($894),$800 ,,,,"$111,272 ",,,,,,,,,,,,$659 ,,,,,,,
1 Faith,45-4525168,,,2012,,,11013 W Canyon Creek Dr,,Sun City,AZ,Maricopa,85351,,,501(c)(3) Public Charity,Christianity,,,X20 (Christian),813110,8661,,,,,http://www.guidestar.org/profile/45-4525168,,,,,,,,,,,,,,,,,,,,,,,,,,,,,,,,,,,,,,,
1 Power House Inc,45-4567251,,,2016,,,250 Mistybrook Cir,,Stone Mountain,GA,DeKalb,30087,,,501(c)(3) Public Charity,Film and video,,,"A31 (Film, Video)",512110,7812,,,,,http://www.guidestar.org/profile/45-4567251,,,,,,,,,,,,,,,,,,,,,,,,,,,,,,,,,,,,,,,
1000 Islands Hose Haulers,45-4570241,,,2015,,,PO Box 296,,Carthage,NY,Jefferson,13619,,,501(c)(3) Public Charity,Fire prevention and control,,,M24 (Fire Prevention / Protection / Control),624230,8322,,,,,http://www.guidestar.org/profile/45-4570241,,,,,,,,,,,,,,,,,,,,,,,,,,,,,,,,,,,,,,,
100 Entrepreneurs Foundation Inc,45-4577599,7/1/2017,6/30/2018,2012,2017,990,PO Box 776,,Stevensville,MD,Queen Annes,21666,917-403-8807,HTTP://WWW.100ENTREPRENEURSPROJECT.ORG,501(c)(3) Public Charity,Special population support,,,W30 (Military/Veterans' Organizations),813410,8641,8699,N,,REGAN GRACE & KERLEY LLC,http://www.guidestar.org/profile/45-4577599,http://www.guidestar.org/FinDocuments/2018/454/577/2018-454577599-10b094bf-9.pdf,"$140,594 ","$140,594 ",,"$140,594 ",,,"$140,594 ","$95,223 ","$95,223 ",$418 ,"$94,805 ",,,,,$0 ,$0 ,,"$162,028 ","$156,112 ","$5,821 ",$95 ,,$14 ,"$1,478 ","$1,031 ",,,,,,,ROBERT NILSSON,,,,,0
1 Family 1 Restaurant A CA Nonprofit Pub Ben Corp,45-4596295,1/1/2018,12/31/2018,2012,2018,990EZ,40320 Nido Ct,,Palmdale,CA,Los Angeles,93551,661-722-5895,N/A,501(c)(3) Public Charity,Food aid,,,"K30 (Food Service, Free Food Distribution Programs)",624210,8322,,,N,BURKEY COX EVANS & BRADFORD,http://www.guidestar.org/profile/45-4596295,http://www.guidestar.org/FinDocuments/2018/454/596/2018-454596295-108c7940-Z.pdf,"$197,638 ","$4,059 ",,"$197,638 ",,,,$0 ,,,,,,,,,,,$695 ,,,,,,,,,,,,,,,,,,,
"1 Little Meal, Inc.",45-4673257,1/1/2016,12/31/2016,2012,2016,990EZ,14 Lake Eagle Ct NE,,Cartersville,GA,Bartow,30121,(404) 316-7877,www.1littlemeal.com,501(c)(3) Public Charity,Food delivery,Housing services,Nutrition,L80 (Other Housing Support Services),624229,8322,,,,,http://www.guidestar.org/profile/45-4673257,http://www.guidestar.org/FinDocuments/2016/454/673/2016-454673257-0d9481a8-Z.pdf,,,,,,,,"$7,860 ",,,"$7,860 ",,,,,,,,($11),,,,,,,,,,,,,,,Ms. Rae Goodman ,Ms. Rae Goodman ,Executive Director,1littlemeal@gmail.com,
1 Forever United,45-4725219,,,2012,,,1524 2nd Ave NE,,Rochester,MN,Olmsted,55906,,,501(c)(3) Public Charity,Diseases and conditions,,,G80 (Specifically Named Diseases),813212,8399,,,,,http://www.guidestar.org/profile/45-4725219,http://www.guidestar.org/FinDocuments/2012/454/725/2012-454725219-09508379-Z.pdf,,,,,,,,,,,,,,,,,,,,,,,,,,,,,,,,,,,,,,
1026 East Center Street LLC,45-4895207,1/1/2018,12/31/2018,2014,2018,990,126 Woodlake Dr SE,,Rochester,MN,Olmsted,55904,507-287-2020,N/A,501(c)(3) Public Charity,Education,Human services,,"O20 (Youth Centers, Clubs, (includes Boys/Girls Clubs)- Multipurpose)",624110,8322,,N,,HAWKINS ASH CPAS LLP,http://www.guidestar.org/profile/45-4895207,http://www.guidestar.org/FinDocuments/2018/454/895/2018-454895207-112e97d1-9.pdf,"$11,368,208 ","$151,844 ",,"($1,451,567)",,,,"$545,842 ","$545,842 ",,,,,,"$545,842 ","$12,819,775 ","$12,319,000 ",,"$854,813 ","$836,374 ","$18,439 ",$0 ,"$18,392 ",,,"$13,289 ","$332,046 ",,$443 ,,,,JON LOSNESS,,,,,0
100PLUS ANIMALRESCUE INC  / dba /    100+ Abandoned Dogs of Everglades Florida,45-5195419,1/1/2018,12/31/2018,2012,2018,990,345 E Commercial Blvd,,Fort Lauderdale,FL,Broward,33334,(877) 506-8100,www.100plusabandoneddogsofevergladesflonda.org,501(c)(3) Public Charity,Animal welfare,,,D20 (Animal Protection and Welfare (includes Humane Societies and SPCAs)),813312,8399,8699,N,,DASZKAL BOLTON LLP,http://www.guidestar.org/profile/45-5195419,http://www.guidestar.org/FinDocuments/2018/455/195/2018-455195419-17014206-9.pdf,"$142,079 ","$119,990 ",,"$137,275 ",,,"$137,275 ","$566,170 ","$566,170 ",,"$566,170 ",,,,,"$4,804 ",$0 ,,"$443,839 ","$364,282 ","$67,560 ","$11,997 ","$35,610 ","$11,589 ",,,,,"$23,000 ",,,,AMY ROMAN,Amy J Roman ,Amy Roman ,President,100plusabandoneddogs@gmail.com,2
10 33 FOUNDATION INC,45-5250843,1/1/2018,12/31/2018,2014,2018,990EZ,2010a Harbison Dr # 306,,Vacaville,CA,Solano,95687,707-330-5520,www.1033foundation.org,501(c)(3) Public Charity,Mental health care,,,"F99 (Other Mental Health, Crisis Intervention N.E.C.)",621498,8093,,,,G & J SEIBERLICH & CO LLP,http://www.guidestar.org/profile/45-5250843,http://www.guidestar.org/FinDocuments/2018/455/250/2018-455250843-10e6b831-Z.pdf,"$31,310 ","$31,310 ",,"$31,310 ",,,,"$33,874 ","$33,874 ",,"$32,431 ",,,,"$1,433 ",$0 ,,,"$93,498 ",,,,,,,,,,,,"$1,353 ",,,Jim Wilson ,Jim Wilson ,President / Founder,jwilson@1033foundation.org,
1021 Halifax Street Corporation,45-5325414,1/1/2013,12/31/2013,2012,2013,990EZ,PO Box 178,,Colonial Heights,VA,Colonial Heights City,23834,,,501(c)(3) Public Charity,Special population support,,,P80 (Services to Promote the Independence of Specific Populations),624120,8322,,,,Davis & Associates Accountants Inc,http://www.guidestar.org/profile/45-5325414,http://www.guidestar.org/FinDocuments/2014/455/325/2014-455325414-0b6ef47e-Z.pdf,"$1,750 ","$1,750 ",,"$1,750 ",,,,"$1,750 ","$1,750 ",,"$1,750 ",,,,,$0 ,,,,,,,,,,,,,,,,,,,,,,
1 17 Center for Global Adoption,45-5498595,1/1/2019,12/31/2019,2013,2019,990EZ,13919 SW Bayshore Dr Ste G-02,,Traverse City,MI,Grand Traverse,49684,231-421-6577,WWW.117CENTER.ORG,501(c)(3) Public Charity,Adoption,,,P31 (Adoption),624110,8322,,,,PADGETT BUSINESS SERVICES,http://www.guidestar.org/profile/45-5498595,http://www.guidestar.org/FinDocuments/2018/455/498/2018-455498595-16993727-Z.pdf,$0 ,,,$0 ,,,,"$3,319 ","$3,319 ",,"$3,144 ",,,,$175 ,,,,"$3,497 ",,,,,,,,,,,,,,,,,,,
10-10-10 Foundation Inc,45-5516907,,,2019,,,6607 McCallum St,,Philadelphia,PA,Philadelphia,19119,,,501(c)(3) Public Charity,Education,,,B11 (Single Organization Support),813219,8399,,,,,http://www.guidestar.org/profile/45-5516907,,,,,,,,,,,,,,,,,,,,,,,,,,,,,,,,,,,,,,,
100-Hole Golf Marathon Foundation Inc,45-5613923,,,2014,,,162 W 56th St Ste 506,,New York,NY,New York,10019,,,501(c)(3) Public Charity,Golf,,,"N6A (Golf (Country Clubs, use N50))",713990,7911,7993,,,,http://www.guidestar.org/profile/45-5613923,,,,,,,,,,,,,,,,,,,,,,,,,,,,,,,,,,,,,,,
100 Igbos USA Inc,46-0494545,1/1/2013,12/31/2013,2005,2013,990EZ,142 Circle Ridge Dr,,Burr Ridge,IL,DuPage,60527,630-728-6792,N/A,501(c)(3) Public Charity,Goodwill promotion,,,Q20 (Promotion of International Understanding),611710,8299,8748,,,IPEMA & ASSOCIATES PC,http://www.guidestar.org/profile/46-0494545,http://www.guidestar.org/FinDocuments/2013/460/494/2013-460494545-0a9627cb-Z.pdf,"$5,684 ","$5,684 ",,"$5,684 ",,,,"$20,500 ","$20,500 ",$0 ,"$15,500 ",,$0 ,$0 ,"$5,000 ",,,,"$19,613 ",,,,,,,,,,,,$373 ,,,,,,,
"I HAVE A DREAM"" FOUNDATION-IDAHO INC.""",46-0587871,7/1/2018,6/30/2019,2012,2018,990,PO Box 4282,,Hailey,ID,Blaine,83333,208-450-9559,ihaveadreamfoundationidaho.org,501(c)(3) Public Charity,Education,Elementary and secondary education,Higher education,B12 (Fund Raising and/or Fund Distribution),813219,8399,,N,,THOMAS & JOHNSTON CHTD,http://www.guidestar.org/profile/46-0587871,http://www.guidestar.org/FinDocuments/2019/460/587/2019-460587871-113c8f1a-9.pdf,"$375,648 ","$374,322 ",,"$374,300 ",,,"$374,300 ","$278,196 ","$278,196 ","$5,067 ","$273,129 ",,,,,"$1,348 ",$0 ,,"$140,929 ","$108,092 ","$16,036 ","$16,801 ","$1,787 ","$5,804 ","$4,970 ","$2,964 ",,,,,,,MARCIA KENT,Ken Lewis ,Kris Stoffer ,EXECUTIVE DIRECTOR,kris@ihaveadreamfoundationidaho.org,3
101 Church,46-0669135,,,1965,,,PO Box 2742,,Camarillo,CA,Ventura,93011,,,501(c)(3) Public Charity,Christianity,,,X20 (Christian),813110,8661,,,,,http://www.guidestar.org/profile/46-0669135,,,,,,,,,,,,,,,,,,,,,,,,,,,,,,,,,,,,,,,
1 More,46-0688005,,,2012,,,PO Box 1505,,Alabaster,AL,Shelby,35007,,,501(c)(3) Public Charity,Economic development,,,S30 (Economic Development),813410,8641,8699,,,,http://www.guidestar.org/profile/46-0688005,,,,,,,,,,,,,,,,,,,,,,,,,,,,,,,,,,,,,,,
103 Alumni Association Inc,46-0689147,,,2015,,,PO Box 202,,Oreland,PA,Montgomery,19075,,,501(c)(3) Public Charity,Alumni relations,,,B84 (Alumni Associations),813410,8641,8699,,,,http://www.guidestar.org/profile/46-0689147,,,,,,,,,,,,,,,,,,,,,,,,,,,,,,,,,,,,,,,
1 Holy Ground Church Iglesia Tierra Santa Inc,46-0768651,,,2014,,,PO Box 863,,San Marcos,TX,Hays,78667,,,501(c)(3) Public Charity,Christianity,,,X20 (Christian),813110,8661,,,,,http://www.guidestar.org/profile/46-0768651,,,,,,,,,,,,,,,,,,,,,,,,,,,,,,,,,,,,,,,
100 Club Heart of Texas,46-0826722,1/1/2018,12/31/2018,2013,2018,990EZ,PO Box 21990,,Waco,TX,Mclennan,76702,(254) 337-0822,www.100clubhot.com,501(c)(3) Public Charity,Philanthropy,,,T50 (Philanthropy / Charity / Voluntarism Promotion (General)),813219,8399,,,,PATTILLO BROWN & HILL LLP,http://www.guidestar.org/profile/46-0826722,http://www.guidestar.org/FinDocuments/2018/460/826/2018-460826722-17050541-Z.pdf,"$28,846 ","$28,846 ",,"$28,846 ",,,,"$45,842 ","$69,844 ",,"$58,594 ",,"($12,752)",,,$0 ,,,"$30,512 ",,,,,,,,,,,,,,,Sandy Pechacek ,Sandy Pechacek ,Executive Director,sandypechacek@100clubhot.com,
1/31/2012,46-0922971,,,2014,,,210 Kingfisher Ln,,Friday Harbor,WA,San Juan,98250,(206) 552-8289,www.onsacredgroundlandtrust.org,501(c)(3) Public Charity,Environment,,,"C99 (Environmental Quality, Protection, and Beautification N.E.C.)",813312,8399,8699,,,,http://www.guidestar.org/profile/46-0922971,http://www.guidestar.org/FinDocuments/2014/460/922/2014-460922971-0b6f6880-Z.pdf,,,,,,,,,,,,,,,,,,,,,,,,,,,,,,,,,,Sarah Hanson ,Sarah Hanson ,Executive Director,sarahonsacredground@gmail.com,
1 Disabledvet Inc,46-0951645,,,2014,,,455 NE 5th Ave,,Delray Beach,FL,Palm Beach,33483,,,501(c)(3) Public Charity,Special population support,,,W30 (Military/Veterans' Organizations),813410,8641,8699,,,,http://www.guidestar.org/profile/46-0951645,http://www.guidestar.org/FinDocuments/2012/460/951/2012-460951645-0a22059c-Z.pdf,,,,,,,,,,,,,,,,,,,,,,,,,,,,,,,,,,,,,,
1 For Him,46-1082061,,,1991,,,886 Petersburg Dr,,Fort Mill,SC,York,29708,,,501(c)(3) Public Charity,Christianity,,,X20 (Christian),813110,8661,,,,,http://www.guidestar.org/profile/46-1082061,http://www.guidestar.org/FinDocuments/2014/461/082/2014-461082061-0b6ef1c5-Z.pdf,,,,,,,,,,,,,,,,,,,,,,,,,,,,,,,,,,,,,,
1000 Black Mentors Inc,46-1137003,,,2016,,,1501 Deer Run Ct,,Bowie,MD,Prince Georges,20721,,,501(c)(3) Public Charity,Education services,,,"O30 (Adult, Child Matching Programs)",624110,8322,,,,,http://www.guidestar.org/profile/46-1137003,,,,,,,,,,,,,,,,,,,,,,,,,,,,,,,,,,,,,,,
01908 Incorporated,46-1460456,,,2016,,,1 Copper Beech Ln,,Nahant,MA,Essex,01908,,,501(c)(4) (Civic Leagues and Social Welfare Organizations),Natural resources,,,C30 (Natural Resource Conservation and Protection),813312,8399,8699,,,,http://www.guidestar.org/profile/46-1460456,,,,,,,,,,,,,,,,,,,,,,,,,,,,,,,,,,,,,,,
"... and then, Angels descended",46-1501617,,,2014,,,PO Box 40700,,Pasadena,CA,Los Angeles,91114,,www.AngelsDescended.org,501(c)(3) Public Charity,Philanthropy,Mental health counseling,Religion,T50 (Philanthropy / Charity / Voluntarism Promotion (General)),813219,8399,,,,,http://www.guidestar.org/profile/46-1501617,,,,,,,,,,,,,,,,,,,,,,,,,,,,,,,,,,,Trevor Eyster ,Trevor Eyster ,Executive Director,info@angelsdescended.org,
1-Heart,46-2097242,1/1/2014,12/31/2014,2013,2014,990EZ,2409 Cherry St,,Toledo,OH,Lucas,43608,419-251-3700,WWW.1-HEART.ORG,501(c)(3) Public Charity,Heart and circulatory system diseases,,,G43 (Heart and Circulatory System),813212,8399,,,,RAYNER FOOS KRUSE & IRWIN INC,http://www.guidestar.org/profile/46-2097242,http://www.guidestar.org/FinDocuments/2014/462/097/2014-462097242-0bcc4ae8-Z.pdf,"$30,207 ","$30,207 ",,"$30,207 ",,,,"$53,918 ","$53,918 ",,"$53,918 ",,,,,,,,"$23,711 ",,,,,,,,,,,,,,,,,,,
1 Movement Foundation Inc,46-2122797,,,2016,,,1319 Railfence Dr,,Kinston,NC,Lenoir,28504,,,501(c)(3) Public Charity,Youth organizing,,,O50 (Youth Development Programs),813410,8641,8699,,,,http://www.guidestar.org/profile/46-2122797,,,,,,,,,,,,,,,,,,,,,,,,,,,,,,,,,,,,,,,
100 Black Men of Austin,46-2131343,,,2014,,,PO Box 6593,,Austin,TX,Travis,78762,,,501(c)(3) Public Charity,Community service,,,S82 (Men's Service Clubs),813410,8641,8699,,,,http://www.guidestar.org/profile/46-2131343,,,,,,,,,,,,,,,,,,,,,,,,,,,,,,,,,,,,,,,
10000 Fathers Inc,46-2325700,1/1/2018,12/31/2018,2015,2018,990,1977 Miramar Way,,Snellville,GA,Gwinnett,30078,404-455-5710,www.10000fathers.org,501(c)(3) Public Charity,Communication media,,,"X80 (Religious Media, Communications Organizations)",51,,,N,,,http://www.guidestar.org/profile/46-2325700,http://www.guidestar.org/FinDocuments/2018/462/325/2018-462325700-116e9914-9.pdf,"$58,832 ","$31,990 ",$0 ,"($6,758)",,,"($6,758)","$605,219 ","$615,934 ",$4 ,"$115,683 ",$0 ,$0 ,"($1,825)","$491,357 ","$65,590 ",$0 ,,"$747,990 ","$684,446 ","$54,689 ","$8,855 ","$22,879 ","$28,462 ",$0 ,"$1,716 ",$473 ,$0 ,$0 ,$0 ,,"$3,660 ",Aaron Keyes,,,,,7
105 Heavens Gate Rescue & Sanctuary,46-2413190,,,2015,,,PO Box 912,,Fairfield,TX,Freestone,75840,,,501(c)(3) Public Charity,Animal welfare,,,D20 (Animal Protection and Welfare (includes Humane Societies and SPCAs)),813312,8399,8699,,,,http://www.guidestar.org/profile/46-2413190,,,,,,,,,,,,,,,,,,,,,,,,,,,,,,,,,,,,,,,
1012 SPORTS INC,46-2870578,1/1/2018,12/31/2018,2014,2018,990,PO Box 4392,,Baltimore,MD,Baltimore City,21223,(410) 914-7238,www.1012sports.com,501(c)(3) Public Charity,Urban development,Sports and recreation,Youth organizing,O50 (Youth Development Programs),813410,8641,8699,N,,,http://www.guidestar.org/profile/46-2870578,http://www.guidestar.org/FinDocuments/2018/462/870/2018-462870578-10d6f959-9.pdf,"$58,840 ","$56,840 ",,"$58,840 ",,,"$58,840 ","$162,564 ","$165,968 ",,"$158,868 ",,"$3,696 ",,,"$2,756 ",$0 ,,"$145,548 ","$74,483 ","$67,611 ","$3,454 ","$4,137 ",$893 ,"$1,600 ","$4,033 ",,,,,,,Jeffrey Thompson,Jeffrey Elias Thompson ,Jeffrey Thompson ,Executive Director,jeff@1012sports.com,4
1 LOVE DOG RESCUE,46-2929874,1/1/2017,12/31/2017,2013,2017,990,4150 Grass Valley Hwy,,Auburn,CA,Placer,95602,(530) 643-1107,1lovedogrescue.org,501(c)(3) Public Charity,Animal welfare,,,D20 (Animal Protection and Welfare (includes Humane Societies and SPCAs)),813312,8399,8699,N,,RAYMOND YOUNG CPA,http://www.guidestar.org/profile/46-2929874,http://www.guidestar.org/FinDocuments/2018/462/929/2018-462929874-11617e16-9.pdf,"$3,999 ","$3,999 ",,"$1,011 ",,,,"$245,952 ","$245,952 ",,"$38,694 ",,,,"$207,258 ","$2,988 ",$0 ,,"$257,952 ","$257,952 ",$0 ,$0 ,,$238 ,,$199 ,,,"$2,192 ",,,,JUSTIN MONTGOMERY,Justin M Montgomery ,Justin Montgomery ,Owner,1lovedogrescue@gmail.com,0
100Suitsfor100Men,46-2971279,,,2016,,,13933 253rd St # 2,,Rosedale,NY,Queens,11422,,,501(c)(3) Public Charity,Employment,,,J01 (Alliance/Advocacy Organizations),813319,8399,8641,,,,http://www.guidestar.org/profile/46-2971279,,,,,,,,,,,,,,,,,,,,,,,,,,,,,,,,,,,,,,,
1 Day Ranch Rescue and Rural Oklahoma Animal Resource Inc,46-3014494,,,2014,,,16704 Bethel Rd,,Shawnee,OK,Pottawatomie,74801,(405) 52261946,www.1dayranch.org,501(c)(3) Public Charity,Domesticated animals,,,D99 (Animal Related Activities N.E.C.),115210,751,752,,,,http://www.guidestar.org/profile/46-3014494,,,,,,,,,,,,,,,,,,,,,,,,,,,,,,,,,,,Maeghan Hadley- Olsen ,Maeghan Hadley- Olsen ,,Maeghan.hadley@gmail.com,
1004 Foundation,46-3110658,1/1/2018,12/31/2018,2014,2018,990EZ,4327 36th St,,Long Island City,NY,Queens,11101,347-396-3007,N/A,501(c)(3) Public Charity,Human services,,,P12 (Fund Raising and/or Fund Distribution),813219,8399,,,,KIM & HO CPA'S PC,http://www.guidestar.org/profile/46-3110658,http://www.guidestar.org/FinDocuments/2017/463/110/2017-463110658-1014e654-Z.pdf,"$90,498 ","$89,494 ",,"$90,498 ",,,,"$2,299 ","$2,299 ",$735 ,"$1,564 ",,,,,,,,"$1,375 ",,,,,,,,,,,,,,,,,,,
100State Inc,46-3122144,8/1/2017,7/31/2018,2014,2017,990,316 W WASHINGTON AVE STE 675,,MADISON,WI,Dane,53703,608-268-9384,100STATE.COM,501(c)(3) Public Charity,Community and economic development,,,P20 (Human Service Organizations),624190,8322,,N,,WEGNER CPAS LLP,http://www.guidestar.org/profile/46-3122144,http://www.guidestar.org/FinDocuments/2018/463/122/2018-463122144-1063caf1-9.pdf,"$38,745 ","$19,080 ",,"$26,658 ",,,"$26,658 ","$353,740 ","$353,740 ",,"$76,882 ",,,$140 ,"$276,478 ","$12,087 ",$0 ,,"$338,945 ","$191,490 ","$80,229 ","$67,226 ","$7,406 ","$2,652 ","$7,647 ","$1,923 ",,,,,,,CLAUDIA SEIDENBERG,,,,,5
100 Squared,46-3173749,1/1/2018,12/31/2018,2014,2018,990,4602 Magnolia Bnd,,Missouri City,TX,Fort Bend,77459,713-410-9201,,501(c)(3) Public Charity,Disaster relief,,,Q33 (International Relief),813311,8399,,,,,http://www.guidestar.org/profile/46-3173749,http://www.guidestar.org/FinDocuments/2017/463/173/2017-463173749-0fc429ff-9.pdf,"$517,781 ","$17,781 ","$500,000 ","$517,781 ",$0 ,$0 ,"$517,781 ","$14,562 ","$14,562 ","$1,402 ","$13,160 ",$0 ,,,$0 ,$0 ,$0 ,,"$17,214 ","$16,685 ",$529 ,$0 ,,,,,,,,,,,Mark Kingston,,,,,0
1 More Win,46-3312968,1/1/2016,12/31/2016,2014,2016,990EZ,3555 4th Ave,,San Diego,CA,San Diego,92103,760-214-1004,N/A,501(c)(3) Public Charity,Youth organizing,,,O50 (Youth Development Programs),813410,8641,8699,,,Stroberg & Associates An Accountancy Co,http://www.guidestar.org/profile/46-3312968,http://www.guidestar.org/FinDocuments/2016/463/312/2016-463312968-0e410d84-Z.pdf,"$17,776 ","$17,776 ",,"$17,776 ",,,,"$47,581 ","$47,581 ",$0 ,"$5,000 ",,$0 ,$0 ,"$42,581 ",,,,"$29,805 ",,,,,,,,,,,,$447 ,,,,,,,
100 Foundations in Education,46-3383096,,,2015,,,PO BOX 490903,,ATLANTA,GA,Fulton,30349,,,501(c)(3) Public Charity,Human services,,,P19 (Nonmonetary Support N.E.C.),813219,8399,,,,,http://www.guidestar.org/profile/46-3383096,,,,,,,,,,,,,,,,,,,,,,,,,,,,,,,,,,,,,,,
10-7 Outdoors,46-3565811,,,2014,,,PO BOX 173911,,ARLINGTON,TX,Tarrant,76003,,,501(c)(3) Public Charity,Public safety,,,I19 (Nonmonetary Support N.E.C.),813219,8399,,,,,http://www.guidestar.org/profile/46-3565811,,,,,,,,,,,,,,,,,,,,,,,,,,,,,,,,,,,,,,,
100K Brave Inc,46-3597993,,,2014,,,725 6th St NW Ste D,,Albuquerque,NM,Bernalillo,87102,,,501(c)(3) Public Charity,International development,,,"Q30 (International Development, Relief Services)",813311,8399,,,,,http://www.guidestar.org/profile/46-3597993,http://www.guidestar.org/FinDocuments/2015/463/597/2015-463597993-0ceefe35-Z.pdf,,,,,,,,,,,,,,,,,,,,,,,,,,,,,,,,,,,,,,
1 Grain To 1000 Grains,46-3802710,1/1/2018,12/31/2018,2014,2018,990EZ,2120 Avy Ave # 7815,,Menlo Park,CA,San Mateo,94025,650-714-6971,www.1000grains.org,501(c)(3) Public Charity,Nutrition,,,K40 (Nutrition Programs),624190,8322,,,N,Powers Howard LLP,http://www.guidestar.org/profile/46-3802710,http://www.guidestar.org/FinDocuments/2018/463/802/2018-463802710-10f30946-Z.pdf,"$164,046 ","$164,046 ",,"$164,046 ",,,,"$76,512 ","$77,476 ",$915 ,"$42,686 ",,,,"$32,911 ",,,,"$65,322 ",,,,,,,,,,,,,,,,,,,
1004 7Th Avenue Holding Corporation,46-3894446,1/1/2018,12/31/2018,2014,2018,990,1004 7th Ave,,Fort Worth,TX,Tarrant,76104,817-870-4942,N/A,501(c)(2) (Title Holding Corporation),Health,Family services,,S50 (Nonprofit Management),541618,8748,,N,,CLIFTONLARSONALLEN LLP,http://www.guidestar.org/profile/46-3894446,http://www.guidestar.org/FinDocuments/2018/463/894/2018-463894446-113114f1-9O.pdf,"$8,077,254 ","$204,855 ",,"($2,114,108)",,,"($2,114,108)","$208,819 ","$208,819 ",$819 ,,,,,"$208,000 ","$10,191,362 ","$10,173,123 ",,"$879,000 ",,,,,,,,"$207,670 ","$34,500 ",,,,,JENNIFER JOHNS,,,,,0
100 Long Beach Women,46-3999008,1/1/2015,12/31/2015,2014,2015,990EZ,1061 E Amelia Dr,,Long Beach,CA,Los Angeles,90807,562-989-1997,N/A,501(c)(3) Public Charity,Women's rights,,,R24 (Women's Rights),813311,8399,,,N,FLOYD GREEN CPA PC,http://www.guidestar.org/profile/46-3999008,http://www.guidestar.org/FinDocuments/2015/463/999/2015-463999008-0d306ea0-Z.pdf,"$65,416 ","$65,416 ",,"$65,416 ",,,,"$9,416 ","$9,416 ",,"$9,416 ",,,,,,,,,,,,,,,,,,,,,,,,,,,
1-2-3-Breathe,46-4083653,,,2014,,,PO Box 690601,,Houston,TX,Harris,77269,,,501(c)(3) Public Charity,Public health,,,E70 (Public Health Program),621999,8099,,,,,http://www.guidestar.org/profile/46-4083653,,,,,,,,,,,,,,,,,,,,,,,,,,,,,,,,,,,,,,,
1 Embrace Inc,46-4132080,,,2014,,,7802 Deerwood Lake Dr,,Humble,TX,Harris,77346,,,501(c)(3) Public Charity,Public affairs,,,"W99 (Public, Society Benefit - Multipurpose and Other N.E.C.)",813410,8641,8699,,,,http://www.guidestar.org/profile/46-4132080,,,,,,,,,,,,,,,,,,,,,,,,,,,,,,,,,,,,,,,
1000 Books Foundation,46-4266146,,,2014,,,8987 W Flamingo Rd Ste 100,,Las Vegas,NV,Clark,89147,(702) 625-0584,www.1000BooksBeforeKindergarten.org,501(c)(3) Public Charity,Libraries,,,"B70 (Libraries, Library Science)",519120,7829,8231,,,,http://www.guidestar.org/profile/46-4266146,,,,,,,,,,,,,,,,,,,,,,,,,,,,,,,,,,,Charlie H. Luh ,Charlie Luh ,Executive Director,charlie@1000BooksFoundation.org,
1021S Inc,46-4568051,1/1/2018,12/31/2018,2015,2018,990PF,8500 Legends Blvd Apt 202,,Fort Myers,FL,Lee,33912,239-560-6237,,501(c)(3) Private Operating Foundation,Home health care,,,E92 (Home Health Care (includes Visiting Nurse Associations)),621610,8082,,,,,http://www.guidestar.org/profile/46-4568051,http://www.guidestar.org/FinDocuments/2018/464/568/2018-464568051-17023134-F.pdf,"$32,799 ","$11,651 ",,"$32,799 ",,,,"$5,514 ",$234 ,$0 ,$0 ,,,,,$0 ,,,"$6,580 ",,,,"$1,250 ",,,,,,,,$582 ,,,,,,,
1 Healing Rain Ministries Incorporated,46-4569675,,,2014,,,757 Post Ave,,Corpus Christi,TX,Nueces,78405,,,501(c)(3) Public Charity,Christianity,,,X20 (Christian),813110,8661,,,,,http://www.guidestar.org/profile/46-4569675,,,,,,,,,,,,,,,,,,,,,,,,,,,,,,,,,,,,,,,
1 Step Away Foundation,46-4742002,,,2018,,,4711 E Falcon Dr Ste 252,,Mesa,AZ,Maricopa,85215,(623) 419-3382,1stepawayfoundation.org,501(c)(3) Public Charity,Arts and culture,Youth development,Youth organizing,O50 (Youth Development Programs),813410,8641,8699,,,,http://www.guidestar.org/profile/46-4742002,,,,,,,,,,,,,,,,,,,,,,,,,,,,,,,,,,,Ray Warren ,Ray Warren ,,ray@1stepawayfoundation.org,
0 Debt Education Inc,46-4744976,,,2015,,,PO Box 3777,,Santa Rosa,CA,Sonoma,95402,,,501(c)(3) Public Charity,Financial counseling,,,"P51 (Financial Counseling, Money Management)",624190,8322,,,,,http://www.guidestar.org/profile/46-4744976,,,,,,,,,,,,,,,,,,,,,,,,,,,,,,,,,,,,,,,
1 Family 2 Another Outreach,46-4777546,,,2014,,,1673 Audrey Pl NW,,Atlanta,GA,Fulton,30318,,,501(c)(3) Public Charity,Human services,,,P99 (Human Services - Multipurpose and Other N.E.C.),624190,8322,,,,,http://www.guidestar.org/profile/46-4777546,,,,,,,,,,,,,,,,,,,,,,,,,,,,,,,,,,,,,,,
100 Men Who Cook,46-4866759,1/1/2019,12/31/2019,2015,2019,990EZ,PO Box 7188,,Denver,CO,Denver,80207,303-375-9427,100menwhocook.co,501(c)(3) Public Charity,Human services,,,P20 (Human Service Organizations),624190,8322,,,,EGAN RAVARINO LLC,http://www.guidestar.org/profile/46-4866759,http://www.guidestar.org/FinDocuments/2018/464/866/2018-464866759-113d2097-Z.pdf,"$22,448 ","$15,025 ",,"$22,448 ",,,,"$83,810 ","$83,810 ",,"$49,116 ",,,,"$34,694 ",$0 ,,,"$85,605 ",,,,,,,,,,,,"$1,447 ",,,,,,,
1 Voice,46-4932141,,,2015,,,146 Kelly Cv,,Brighton,TN,Tipton,38011,,,501(c)(3) Public Charity,Foundations,,,T30 (Public Foundations),813211,6732,,,,,http://www.guidestar.org/profile/46-4932141,,,,,,,,,,,,,,,,,,,,,,,,,,,,,,,,,,,,,,,
'WEEN DREAM,46-5014677,,,2014,,,3001 River Rd,,New Orleans,LA,Jefferson,70121,,www.weendream.org,501(c)(3) Public Charity,Arts and culture,,,"A20 (Arts, Cultural Organizations - Multipurpose)",71,,,,,,http://www.guidestar.org/profile/46-5014677,http://www.guidestar.org/FinDocuments/2015/465/014/2015-465014677-0c0f34b7-Z.pdf,,,,,,,,,,,,,,,,,,,,,,,,,,,,,,,,,,Ms. Kelsey Meeks ,Ms. Kelsey Meeks ,Founder & CEO,kelsey@weendream.org,
1 FUR 1 FOUNDATION,46-5204545,,,2014,,,341 Anthony Rd,,Buffalo Grove,IL,Cook,60089,(877) 698-7222,www.1fur1.org,501(c)(3) Public Charity,Domesticated animals,Foundations,Human services,D99 (Animal Related Activities N.E.C.),115210,751,752,,,,http://www.guidestar.org/profile/46-5204545,,,,,,,,,,,,,,,,,,,,,,,,,,,,,,,,,,,Michelle Djonova ,Michelle Djonova ,Founder and Executive Director,info@1fur1.org,
1 Heart 1 Mission,46-5343112,,,2014,,,11961 White Oak Run,,Conroe,TX,Montgomery,77385,,,501(c)(3) Public Charity,Heart and circulatory system diseases,,,G43 (Heart and Circulatory System),813212,8399,,,,,http://www.guidestar.org/profile/46-5343112,,,,,,,,,,,,,,,,,,,,,,,,,,,,,,,,,,,,,,,
10-78 Utah Foundation,46-5345026,,,2016,,,PO Box 579,,Mona,UT,Juab,84645,,,501(c)(3) Public Charity,Human services,,,P12 (Fund Raising and/or Fund Distribution),813219,8399,,,,,http://www.guidestar.org/profile/46-5345026,,,,,,,,,,,,,,,,,,,,,,,,,,,,,,,,,,,,,,,
100 Club of Dubuque,46-5391979,1/1/2018,12/31/2018,2014,2018,990PF,10148 Dixie Dr,,Dubuque,IA,Dubuque,52001,,,501(c)(3) Private Nonoperating Foundation,Education,,,B99 (Education N.E.C.),611,,,,,,http://www.guidestar.org/profile/46-5391979,http://www.guidestar.org/FinDocuments/2017/465/391/2017-465391979-0f261532-F.pdf,"$18,604 ","$18,604 ",,"$18,604 ",,,,$725 ,$741 ,$0 ,$0 ,,,,,$0 ,,,$650 ,,,,$350 ,,,,,,,,,,,,,,,
1 Tribe,46-5510386,1/1/2016,12/31/2016,2014,2016,990,2047 Emory St,,San Jose,CA,Santa Clara,95128,408-477-6846,www.1tribe.org,501(c)(3) Public Charity,Cultural awareness,,,"A23 (Cultural, Ethnic Awareness)",71,,,N,N,,http://www.guidestar.org/profile/46-5510386,http://www.guidestar.org/FinDocuments/2016/465/510/2016-465510386-0e4049e0-9.pdf,$0 ,$0 ,$0 ,$0 ,$0 ,$0 ,$0 ,$0 ,,$0 ,$0 ,$0 ,$0 ,$0 ,$0 ,$0 ,$0 ,$0 ,,,,,$0 ,$0 ,$0 ,$0 ,$0 ,$0 ,$0 ,$0 ,,$0 ,Erik Silber,,,,,0
1 Voice,46-5516669,,,2015,,,225 Conwell St,,Aurora,IN,Dearborn,47001,,,501(c)(3) Public Charity,Public affairs,,,W01 (Alliance/Advocacy Organizations),813319,8399,8641,,,,http://www.guidestar.org/profile/46-5516669,,,,,,,,,,,,,,,,,,,,,,,,,,,,,,,,,,,,,,,
1-26 Association Inc,46-5733975,,,2017,,,954 CIMARRON TER,,ESCONDIDO,CA,San Diego,92029,,,501(c)(7) (Social and Recreation Clubs),Clubs,,,"N50 (Recreational, Pleasure, or Social Club)",713990,7911,7993,,,,http://www.guidestar.org/profile/46-5733975,,,,,,,,,,,,,,,,,,,,,,,,,,,,,,,,,,,,,,,
1000 Herons,46-5742446,1/1/2018,12/31/2018,2017,2018,990EZ,7727 Wingmont Dr,,Charlotte,NC,Mecklenburg,28269,828-310-7106,N/A,501(c)(3) Public Charity,Education services,,,B90 (Educational Services and Schools - Other),611710,8299,8748,,,Sue Faber CPA PLLC,http://www.guidestar.org/profile/46-5742446,http://www.guidestar.org/FinDocuments/2017/465/742/2017-465742446-0fb110b3-Z.pdf,"$1,832 ","$1,832 ",,"$1,832 ",,,,"$1,976 ","$1,976 ",$0 ,"$1,976 ",,$0 ,$0 ,$0 ,,,,"$3,900 ",,,,,,,,,,,,$36 ,,,,,,,
100 BLACK MEN OF OMAHA INC,47-0785487,7/1/2017,6/30/2018,1996,2017,990,2221 N 24th St,,Omaha,NE,Douglas,68110,(402) 934-7065,www.100blackmenomaha.org,501(c)(3) Public Charity,Education,Adult and child mentoring,Youth organizing,O50 (Youth Development Programs),813410,8641,8699,N,,HAYES & ASSOCIATES LLC,http://www.guidestar.org/profile/47-0785487,http://www.guidestar.org/FinDocuments/2018/470/785/2018-470785487-10bf84d5-9.pdf,"$55,951 ","$47,397 ",,"$38,170 ",,,"$38,170 ","$298,003 ","$329,138 ",,"$235,529 ",,"$57,087 ",,,"$17,781 ",$0 ,,"$331,104 ","$275,090 ","$49,555 ","$6,459 ",,"$1,072 ",,"$6,013 ",$242 ,,,,,,RICHARD WEBB,Richard J Webb Sr.,Richard Webb Jr.,Executive Director,richard.webb@100blackmenomaha.org,5
1039 Boston Rd Housing Development Fund Corporation,47-0904138,,,2014,,,902 Broadway Fl 13,,New York,NY,New York,10010,,,501(c)(4) (Civic Leagues and Social Welfare Organizations),Housing development,,,"L50 (Housing Owners, Renters Organizations)",813990,6531,8641,,,,http://www.guidestar.org/profile/47-0904138,http://www.guidestar.org/FinDocuments/2002/470/904/2002-470904138-1-Z.pdf,,,,,,,,,,,,,,,,,,,,,,,,,,,,,,,,,,,,,,
(HREBA) HISPANIC REAL ESTATE BROKERS ASSOCIATION INC,47-0962342,,,2014,,,PO Box 152936,,Arlington,TX,Tarrant,76015,(214) 460-2483,https://hrebaconnect.org,501(c)(3) Public Charity,Public affairs,Real estate,,S47 (Real Estate Organizations),531390,6531,,,,,http://www.guidestar.org/profile/47-0962342,,,,,,,,,,,,,,,,,,,,,,,,,,,,,,,,,,,Leticia Gallegos ,Leticia Gallegos ,President/CEO,ceo@hrebaconnect.org,
1 For 2 Education Foundation,47-0993488,1/1/2018,12/31/2018,2014,2018,990PF,PO Box 2118,,Howell,MI,Livingston,48844,425-299-4484,,501(c)(3) Private Nonoperating Foundation,Education,,,"B82 (Scholarships, Student Financial Aid, Awards)",813410,8641,8699,,,,http://www.guidestar.org/profile/47-0993488,http://www.guidestar.org/FinDocuments/2018/470/993/2018-470993488-10d3b9fa-F.pdf,"$282,469 ","$282,469 ",,"$282,469 ",,,,"$250,537 ","$462,091 ","$100,010 ","$221,196 ",,,,,$0 ,,,"$238,347 ",,,,"$1,801 ",,,,,,$659 ,,,,,,,,,
1000 Days,47-1062064,1/1/2018,12/31/2018,2015,2018,990,1020 19th St NW,Ste 250,Washington,DC,District of Columbia,20036,202-969-8257,http://www.thousanddays.org,501(c)(3) Public Charity,Maternal and perinatal health,Infant care,Nutrition,G20 (Birth Defects),813212,8399,,N,Y,MARCUM LLP,http://www.guidestar.org/profile/47-1062064,http://www.guidestar.org/FinDocuments/2018/471/062/2018-471062064-10e57ea2-9.pdf,"$3,571,377 ","$1,490,627 ",,"$3,457,684 ","$3,500,178 ",,"($42,494)","$2,642,868 ","$2,642,868 ",$62 ,"$2,500,560 ",,,,"$141,563 ","$113,693 ",$0 ,,"$2,403,740 ","$2,022,538 ","$313,968 ","$67,234 ","$95,180 ","$135,417 ","$59,732 ","$9,591 ",$574 ,,"$11,331 ",,,,LUCY MARTINEZ SULLIVAN,Ms. Kathryn Stephens ,Ms. Blythe Thomas ,Chief Strategy Officer,blythe@thousanddays.org,19
100 Percent Grace,47-1185337,,,2014,,,PO Box 5098,,Fredericksburg,VA,Stafford,22403,(540) 08468601,http://www.100pgrace.fm,501(c)(3) Public Charity,Radio,Christianity,,X20 (Christian),813110,8661,,,,,http://www.guidestar.org/profile/47-1185337,,,,,,,,,,,,,,,,,,,,,,,,,,,,,,,,,,,,,,,
1 Will Inspire Long Life Inc,47-1201800,,,2016,,,322 E Hazel St,,Inglewood,CA,Los Angeles,90302,,,501(c)(3) Public Charity,Personal services,,,P50 (Personal Social Services),624190,8322,,,,,http://www.guidestar.org/profile/47-1201800,,,,,,,,,,,,,,,,,,,,,,,,,,,,,,,,,,,,,,,
10000 Cries for Justice,47-1212603,,,2014,,,34400a Mission Blvd Unit 1201,,Union City,CA,Alameda,94587,,,501(c)(3) Public Charity,Archives and special collections,Websites,,B90 (Educational Services and Schools - Other),611710,8299,8748,,,,http://www.guidestar.org/profile/47-1212603,,,,,,,,,,,,,,,,,,,,,,,,,,,,,,,,,,,,,,,
100 Black Men of Brooks-Grady-Thomas Counties Inc,47-1227575,,,2015,,,50 Hawks Crst,,Thomasville,GA,Thomas,31792,,,501(c)(3) Public Charity,Education,,,"B82 (Scholarships, Student Financial Aid, Awards)",813410,8641,8699,,,,http://www.guidestar.org/profile/47-1227575,,,,,,,,,,,,,,,,,,,,,,,,,,,,,,,,,,,,,,,
100Grannies for A Livable Future,47-1315880,,,2016,,,PO Box 1422,,Iowa City,IA,Johnson,52244,,,501(c)(3) Public Charity,Energy resources,,,C35 (Energy Resources Conservation and Development),813312,8399,8699,,,,http://www.guidestar.org/profile/47-1315880,,,,,,,,,,,,,,,,,,,,,,,,,,,,,,,,,,,,,,,
1 Path Inc,47-1358268,,,2015,,,8602 Blackmon Rd,,Midland,GA,Muscogee,31820,,,501(c)(3) Public Charity,Human services,,,P99 (Human Services - Multipurpose and Other N.E.C.),624190,8322,,,,,http://www.guidestar.org/profile/47-1358268,,,,,,,,,,,,,,,,,,,,,,,,,,,,,,,,,,,,,,,
1 San Diego,47-1398771,1/1/2018,12/31/2018,2014,2018,990,PO Box 12054,,San Diego,CA,San Diego,92112,(858) 925-3174,1sandiego.org,501(c)(3) Public Charity,Public affairs,,,"W99 (Public, Society Benefit - Multipurpose and Other N.E.C.)",813410,8641,8699,,,AM OWENS & CO CPA APC,http://www.guidestar.org/profile/47-1398771,http://www.guidestar.org/FinDocuments/2018/471/398/2018-471398771-17146475-9.pdf,"$255,265 ","$255,265 ",,"$255,265 ","$75,820 ",,"$179,445 ","$440,284 ","$440,284 ",,"$440,284 ",,,,,$0 ,$0 ,,"$322,832 ","$249,938 ","$7,750 ","$65,144 ","$2,800 ",$693 ,$512 ,"$2,195 ",,,,,,"$40,470 ",LANI LUTAR,Dena DiSarro ,Dena DiSarro ,Executive Director,dena@1sandiego.org,0
1 TOUCH MINISTRIES INC,47-1413829,,,2014,,,205 Bell Ringer Ct,,Newark,DE,New Castle,19702,(302) 648-6384,www.1touchministriesgroup.org,501(c)(3) Public Charity,Human services,,,P99 (Human Services - Multipurpose and Other N.E.C.),624190,8322,,,,,http://www.guidestar.org/profile/47-1413829,,,,,,,,,,,,,,,,,,,,,,,,,,,,,,,,,,,MS AVIS MINER ,MS AVIS MINER ,"FOUNDER, CEO",1TOUCHMINISTRY@GMAIL.COM,
1040 Tribal Commission Inc,47-1549573,1/1/2019,12/31/2019,2014,2019,990EZ,1815 Sherrer Rd,,York,SC,York,29745,704-465-0819,N/A,501(c)(3) Public Charity,Cultural awareness,,,"A23 (Cultural, Ethnic Awareness)",71,,,,,Guy Wilcox CPA,http://www.guidestar.org/profile/47-1549573,http://www.guidestar.org/FinDocuments/2017/471/549/2017-471549573-0f4cd8dd-Z.pdf,$478 ,$478 ,,$478 ,,,,"$32,563 ","$32,563 ",,"$32,563 ",,,,,,,,"$37,285 ",,,,,,,,,,,,,,,,,,,
10 Million Discs,47-1554151,,,2016,,,286 Sage View St,,Durango,CO,La Plata,81301,,,501(c)(3) Public Charity,Sports and recreation,,,"N99 (Other Recreation, Sports, or Leisure Activities N.E.C.)",713990,7911,7993,,,,http://www.guidestar.org/profile/47-1554151,,,,,,,,,,,,,,,,,,,,,,,,,,,,,,,,,,,,,,,
100PEDALS INC,47-1567141,,,2014,,,12634 N 50th Pl,,Scottsdale,AZ,Maricopa,85254,,100Pedals.com,501(c)(3) Public Charity,Education,Community health care,,B01 (Alliance/Advocacy Organizations),813319,8399,8641,,,,http://www.guidestar.org/profile/47-1567141,,,,,,,,,,,,,,,,,,,,,,,,,,,,,,,,,,,,David Cooke ,Executive Director,dave@100pedals.com,
1-2-3 Runners Inc,47-1617537,,,2015,,,117 Herald Ct Unit 118,,Punta Gorda,FL,Charlotte,33950,,,501(c)(3) Public Charity,Sports and recreation,,,N12 (Fund Raising and/or Fund Distribution),813219,8399,,,,,http://www.guidestar.org/profile/47-1617537,,,,,,,,,,,,,,,,,,,,,,,,,,,,,,,,,,,,,,,
1-AAA Win Win Opportunities,47-1745517,,,2015,,,36224 Pecan Ct,,Fremont,CA,Alameda,94536,,,501(c)(3) Public Charity,Addiction services,,,"F20 (Alcohol, Drug and Substance Abuse, Dependency Prevention and Treatment)",621420,8093,,,,,http://www.guidestar.org/profile/47-1745517,,,,,,,,,,,,,,,,,,,,,,,,,,,,,,,,,,,,,,,
1000 Voices of Florida Inc,47-1842561,,,2016,,,PO Box 13257,,Gainesville,FL,Alachua,32604,,,501(c)(3) Public Charity,Performing arts,,,A60 (Performing Arts),7111,,,,,,http://www.guidestar.org/profile/47-1842561,,,,,,,,,,,,,,,,,,,,,,,,,,,,,,,,,,,,,,,
100 Club Hot Springs Village,47-1850001,,,2014,,,PO Box 8533,,Hot Springs Village,AR,Garland,71910,,,501(c)(3) Public Charity,Law enforcement,,,I60 (Law Enforcement Agencies (Police Departments)),541199,7389,,,,,http://www.guidestar.org/profile/47-1850001,http://www.guidestar.org/FinDocuments/2014/471/850/2014-471850001-0bc4b929-Z.pdf,,,,,,,,,,,,,,,,,,,,,,,,,,,,,,,,,,,,,,
1040 Window Music Inc,47-1856179,,,1983,,,1695 Highway 177a,,Bonifay,FL,Holmes,32425,,,501(c)(3) Public Charity,Music,,,A68 (Music),711130,7929,,,,,http://www.guidestar.org/profile/47-1856179,,,,,,,,,,,,,,,,,,,,,,,,,,,,,,,,,,,,,,,
100 Black Men of the Inland Empire Inc,47-1909851,1/1/2018,12/31/2018,2014,2018,990EZ,9327 Fairway View Pl,,Rancho Cucamonga,CA,San Bernardino,91730,951-940-8146,https://100bmie.org/,501(c)(3) Public Charity,Public affairs,,,"W99 (Public, Society Benefit - Multipurpose and Other N.E.C.)",813410,8641,8699,,N,Hooks Financial Services,http://www.guidestar.org/profile/47-1909851,http://www.guidestar.org/FinDocuments/2017/471/909/2017-471909851-0f309e01-Z.pdf,"$47,563 ","$47,563 ",,"$47,563 ",,,,"$62,824 ","$62,824 ",$0 ,"$62,824 ",,$0 ,$0 ,$0 ,,,,"$50,036 ",,,,,,,,,,,,,,,,,,,
1 Body Outreach Inc,47-2035963,,,2015,,,1022 Faircloth Ct,,Oviedo,FL,Seminole,32765,(407) 860-5278,www.1bodyoutreach.org,501(c)(3) Public Charity,Performing arts,Basketball,Youth organizing,O50 (Youth Development Programs),813410,8641,8699,,,,http://www.guidestar.org/profile/47-2035963,,,,,,,,,,,,,,,,,,,,,,,,,,,,,,,,,,,Mr. Michael Davis ,Mr. Michael Davis ,Founder/Director,info@1bodyoutreach.org,
10-07 Charitable Fund,47-2053963,,,2015,,,569 Ogden Cyn,,Ogden,UT,Weber,84401,,,501(c)(3) Public Charity,Human services,,,P20 (Human Service Organizations),624190,8322,,,,,http://www.guidestar.org/profile/47-2053963,,,,,,,,,,,,,,,,,,,,,,,,,,,,,,,,,,,,,,,
1 Community Family,47-2067768,,,2016,,,330 W Jersey St,,Elizabeth,NJ,Union,07202,,,501(c)(3) Public Charity,Special population support,,,P80 (Services to Promote the Independence of Specific Populations),624120,8322,,,,,http://www.guidestar.org/profile/47-2067768,,,,,,,,,,,,,,,,,,,,,,,,,,,,,,,,,,,,,,,
1049 Craft Division Skill Improvement Realty Corp,47-2071062,1/1/2018,12/31/2018,2017,2018,990,100 Corporate Dr,,Holtsville,NY,Suffolk,11742,631-234-1803,N/A,501(c)(2) (Title Holding Corporation),Real estate,,,S47 (Real Estate Organizations),531390,6531,,N,N,Gould Kobrick & Schlapp PC,http://www.guidestar.org/profile/47-2071062,http://www.guidestar.org/FinDocuments/2018/472/071/2018-472071062-17038558-9O.pdf,"$4,108,856 ","$30,459 ",$0 ,"$4,079,984 ",,,,"($177,961)","$199,871 ",$0 ,$0 ,,$0 ,$0 ,$0 ,"$28,872 ",$0 ,,$0 ,$0 ,$0 ,$0 ,$0 ,$0 ,$0 ,$0 ,$0 ,$0 ,$0 ,$0 ,,$0 ,RONALD BAUER,,,,,0
"10 CAN, Inc.",47-2135088,,,2015,,,PO Box 1122,,Newberry,FL,Alachua,32669,(352) 219-1138,www.10canoutdoors.com,501(c)(3) Public Charity,Mental health counseling,Religion,Family services,F60 (Counseling Support Groups),621498,8093,,,,,http://www.guidestar.org/profile/47-2135088,,,,,,,,,,,,,,,,,,,,,,,,,,,,,,,,,,,Matthew Burke ,Matthew Burke ,Executive Director,10CANemail@gmail.com,
100 Percent Tip,47-2279057,,,2014,,,PO Box 700,,Grants Pass,OR,Josephine,97528,,,501(c)(3) Public Charity,Civic participation,,,W24 (Citizen Participation),813410,8641,8699,,,,http://www.guidestar.org/profile/47-2279057,,,,,,,,,,,,,,,,,,,,,,,,,,,,,,,,,,,,,,,
1 Collective,47-2455405,,,2014,,,2836 Filbert St,,Antioch,CA,Contra Costa,94509,,,501(c)(3) Public Charity,Medical support services,,,E60 (Health Support Services),621999,8099,,,,,http://www.guidestar.org/profile/47-2455405,,,,,,,,,,,,,,,,,,,,,,,,,,,,,,,,,,,,,,,
10000 Gloves Inc,47-2516471,1/1/2015,12/31/2015,2015,2015,990EZ,300 Oak St,,Saint Simons Island,GA,Glynn,31522,912-222-9095,,501(c)(3) Public Charity,Christianity,,,X20 (Christian),813110,8661,,,,,http://www.guidestar.org/profile/47-2516471,http://www.guidestar.org/FinDocuments/2015/472/516/2015-472516471-0cdfd2ee-Z.pdf,$0 ,$0 ,,$0 ,,,,"$7,000 ","$7,000 ",$0 ,"$7,000 ",,$0 ,$0 ,$0 ,$0 ,,,"$7,000 ",,,,,,,,,,,,$0 ,,,,,,,
1000 Generations Inc,47-2646525,9/1/2018,8/31/2019,2015,2018,990,PO Box 213,,Elkhorn,WI,Walworth,53121,262-427-1244,HTTPS://WWW.SAFEFAMILIESWI.ORG/,501(c)(3) Public Charity,Youth organizing,,,O50 (Youth Development Programs),813410,8641,8699,N,,CHAMBERLAIN & HENNINGFIELD CPAS,http://www.guidestar.org/profile/47-2646525,http://www.guidestar.org/FinDocuments/2018/472/646/2018-472646525-104eb344-Z.pdf,"$322,787 ","$322,787 ",,"$303,451 ","$132,000 ",,"$171,451 ","$417,943 ","$444,591 ",,"$354,746 ",,"$63,197 ",,,"$19,336 ",$0 ,,"$148,009 ","$141,283 ","$6,726 ",$0 ,,"$1,636 ","$5,055 ",$922 ,,,$75 ,,,,LINDA AUSTIN,,,,,0
100 Club of Sumner County Inc.,47-2716851,,,2015,,,PO Box 1076,,Hendersonville,TN,Sumner,37077,(615) 264-6737,www.100clubsumner.org,501(c)(3) Public Charity,Public safety,,,M01 (Alliance/Advocacy Organizations),813219,8399,,,,,http://www.guidestar.org/profile/47-2716851,,,,,,,,,,,,,,,,,,,,,,,,,,,,,,,,,,,Mr. Brian Silkwood ,Brian Silkwood ,,jamie@mcmurrayassociates.com,
1 Life Inc,47-2824429,,,2015,,,10 Willow Rd Ste 207,,Maple Shade,NJ,Burlington,08052,,,501(c)(3) Public Charity,Christianity,,,X20 (Christian),813110,8661,,,,,http://www.guidestar.org/profile/47-2824429,,,,,,,,,,,,,,,,,,,,,,,,,,,,,,,,,,,,,,,
10101 Films,47-2828322,,,2015,,,11915 Stonehollow Dr Apt 1437,,Austin,TX,Travis,78758,,,501(c)(3) Public Charity,Film and video,,,"A31 (Film, Video)",512110,7812,,,,,http://www.guidestar.org/profile/47-2828322,,,,,,,,,,,,,,,,,,,,,,,,,,,,,,,,,,,,,,,
100 Sports,47-2840445,,,2015,,,57 Morris St,,Everett,MA,Middlesex,02149,,,501(c)(3) Public Charity,Youth development,,,O99 (Other Youth Development N.E.C.),624110,8322,,,,,http://www.guidestar.org/profile/47-2840445,,,,,,,,,,,,,,,,,,,,,,,,,,,,,,,,,,,,,,,
1023 Foundatiom,47-2874914,,,2019,,,8618 Edinburough Ln,,Fort Wayne,IN,Allen,46819,,,501(c)(3) Public Charity,Youth organizing,,,O50 (Youth Development Programs),813410,8641,8699,,,,http://www.guidestar.org/profile/47-2874914,,,,,,,,,,,,,,,,,,,,,,,,,,,,,,,,,,,,,,,
100 Women in Hats,47-2878523,,,2015,,,9523 Meadows Farm Dr,,Owings Mills,MD,Baltimore,21117,,,501(c)(3) Public Charity,Diseases and conditions,,,G12 (Fund Raising and/or Fund Distribution),813219,8399,,,,,http://www.guidestar.org/profile/47-2878523,,,,,,,,,,,,,,,,,,,,,,,,,,,,,,,,,,,,,,,
1 Good Turn Campaign,47-3002865,,,2015,,,7523 Iridium Ct,,Castle Rock,CO,Douglas,80108,,,501(c)(3) Public Charity,Human services,,,P20 (Human Service Organizations),624190,8322,,,,,http://www.guidestar.org/profile/47-3002865,,,,,,,,,,,,,,,,,,,,,,,,,,,,,,,,,,,,,,,
1 Community at A Time Inc,47-3156449,,,2015,,,388 SW Quail Heights Ter,,Lake City,FL,Columbia,32025,,,501(c)(3) Public Charity,Temporary accomodations,,,L40 (Low-Cost Temporary Housing (includes Youth Hostels)),624221,8322,,,,,http://www.guidestar.org/profile/47-3156449,,,,,,,,,,,,,,,,,,,,,,,,,,,,,,,,,,,,,,,
1000 Helping Hands Corporation,47-3156780,,,2015,,,316 SE Douglas St,,Lees Summit,MO,Jackson,64063,,,501(c)(3) Public Charity,Human services,,,P20 (Human Service Organizations),624190,8322,,,,,http://www.guidestar.org/profile/47-3156780,,,,,,,,,,,,,,,,,,,,,,,,,,,,,,,,,,,,,,,
0352 Western Plateau Elementary,47-3162569,,,2016,,,4927 Shawnee Trl,,Amarillo,TX,Randall,79109,,,501(c)(3) Public Charity,Parent-teacher involvement,,,B94 (Parent Teacher Group),813410,8641,8699,,,,http://www.guidestar.org/profile/47-3162569,,,,,,,,,,,,,,,,,,,,,,,,,,,,,,,,,,,,,,,
1 Worker 1 Vote Inc,47-3191316,,,2016,,,107 S West St Pmb 122 Alex,,Alexandria,VA,Alexandria City,22314,,,501(c)(3) Public Charity,Employment,,,"J99 (Employment, Job Related N.E.C.)",624310,8331,,,,,http://www.guidestar.org/profile/47-3191316,,,,,,,,,,,,,,,,,,,,,,,,,,,,,,,,,,,,,,,
1 U Project,47-3430478,1/1/2018,12/31/2018,2015,2018,990,6325 S Stone Hedge Ct,,Ozark,MO,Christian,65721,417-468-8909,www.1uproject.org,501(c)(3) Public Charity,Christianity,,,X20 (Christian),813110,8661,,N,N,Roberts McKenzie Mangan & Cummings PC,http://www.guidestar.org/profile/47-3430478,http://www.guidestar.org/FinDocuments/2018/473/430/2018-473430478-1159211e-9.pdf,"$53,636 ","$53,636 ",$0 ,"$53,636 ",,,"$53,636 ","$283,020 ","$283,020 ",$0 ,"$283,020 ",,$0 ,$0 ,$0 ,$0 ,$0 ,,"$243,731 ","$234,924 ",$790 ,"$8,017 ",$475 ,"$2,864 ",$0 ,$0 ,$0 ,$0 ,$54 ,$0 ,,$0 ,Wendy Farrell,,,,,0
100 Women of God,47-3751483,,,2015,,,120 N Congress St Ste 1203,,Jackson,MS,Hinds,39201,,,501(c)(3) Public Charity,Crisis intervention,,,"F40 (Hot Line, Crisis Intervention)",624190,8322,,,,,http://www.guidestar.org/profile/47-3751483,,,,,,,,,,,,,,,,,,,,,,,,,,,,,,,,,,,,,,,
1 Status Inc,47-3814342,,,2015,,,2462 Feathertree Ln,,Lawrenceville,GA,Gwinnett,30044,,,501(c)(3) Public Charity,Education services,,,B90 (Educational Services and Schools - Other),611710,8299,8748,,,,http://www.guidestar.org/profile/47-3814342,,,,,,,,,,,,,,,,,,,,,,,,,,,,,,,,,,,,,,,
1000 Feet Project,47-3820859,,,2015,,,444 E 52nd St,,New York,NY,New York,10022,,,501(c)(3) Public Charity,Education,,,B19 (Nonmonetary Support N.E.C.),813219,8399,,,,,http://www.guidestar.org/profile/47-3820859,,,,,,,,,,,,,,,,,,,,,,,,,,,,,,,,,,,,,,,
1 Step Up Inc,47-3848701,,,2018,,,5522 BENNINGTON DR,,JACKSONVILLE,FL,Duval,32244,,,501(c)(3) Public Charity,Rehabilitation of offenders,,,I40 (Rehabilitation Services for Offenders),541199,7389,,,,,http://www.guidestar.org/profile/47-3848701,,,,,,,,,,,,,,,,,,,,,,,,,,,,,,,,,,,,,,,
1000Dwellingsorg,47-3874698,,,2015,,,298 Jackson Way,,Jefferson,GA,Jackson,30549,,,501(c)(3) Public Charity,Temporary accomodations,,,L40 (Low-Cost Temporary Housing (includes Youth Hostels)),624221,8322,,,,,http://www.guidestar.org/profile/47-3874698,,,,,,,,,,,,,,,,,,,,,,,,,,,,,,,,,,,,,,,
1-2-1 Mentoring,47-3971814,1/1/2018,12/31/2018,2016,2018,990,7 Corporate Center Ct Ste B,,Greensboro,NC,Guilford,27408,336-346-3229,WWW.121MENTORING.ORG,501(c)(3) Public Charity,Youth mentoring,,,P20 (Human Service Organizations),624190,8322,,N,,CURRY CPA PLLC,http://www.guidestar.org/profile/47-3971814,http://www.guidestar.org/FinDocuments/2019/473/971/2019-473971814-11449254-9.pdf,"$1,505 ","$1,505 ",,"$1,505 ",,,"$1,505 ","$24,360 ","$24,360 ",,"$17,467 ","$11,840 ",,,"$6,893 ",$0 ,$0 ,,"$27,672 ","$4,783 ","$15,259 ","$7,630 ",,"$5,756 ",,"$1,316 ",,,,,,"$2,500 ",CARLEN WALTERS,,,,,0
100 Fathers Com Inc,47-4023039,,,2015,,,2705 Filbert Ln,,Bowie,MD,Prince Georges,20715,,,501(c)(3) Public Charity,Family services,,,P40 (Family Services),624190,8322,,,,,http://www.guidestar.org/profile/47-4023039,,,,,,,,,,,,,,,,,,,,,,,,,,,,,,,,,,,,,,,
007 Benefit Ltd,47-4146355,1/1/2018,12/31/2018,2015,2018,990,11921 Freedom Dr Ste 550,,Reston,VA,Fairfax,20190,703-406-8539,WWW.007BENEFIT.ORG,501(c)(3) Public Charity,Foundations,,,T70 (Fund Raising Organizations That Cross Categories includes Community Funds/Trusts and Federated Giving Programs) e.g. United Way),813219,8399,,N,,CLIFTONLARSONALLEN LLP,http://www.guidestar.org/profile/47-4146355,http://www.guidestar.org/FinDocuments/2018/474/146/2018-474146355-10a35f86-9.pdf,"$32,166 ","$32,166 ",,"$28,446 ",,,"$28,446 ","$62,813 ","$204,786 ",$10 ,"$142,283 ",,"($79,480)",,,"$3,720 ",$0 ,,"$65,005 ","$43,150 ","$21,855 ",$0 ,"$2,575 ",$934 ,"$2,130 ",,,,,,,,THU STUBBS,,,,,0
1 Nation Under Paws,47-4495570,,,2015,,,15462 Filaree,,Moreno Valley,CA,Riverside,92551,,,501(c)(3) Public Charity,Animal welfare,,,D20 (Animal Protection and Welfare (includes Humane Societies and SPCAs)),813312,8399,8699,,,,http://www.guidestar.org/profile/47-4495570,,,,,,,,,,,,,,,,,,,,,,,,,,,,,,,,,,,,,,,
10 10 Life Inc,47-4518749,,,2018,,,402 Duece Ct,,Harker Heights,TX,Bell,76548,,,501(c)(3) Public Charity,Human services,,,P20 (Human Service Organizations),624190,8322,,,,,http://www.guidestar.org/profile/47-4518749,,,,,,,,,,,,,,,,,,,,,,,,,,,,,,,,,,,,,,,
1 Life Missions Inc,47-4585185,,,2015,,,1046 Royal Rd  Sugar Mountain Nc 28604-4315,,Venice,FL,Sarasota,34293,,,501(c)(3) Public Charity,Christianity,,,X20 (Christian),813110,8661,,,,,http://www.guidestar.org/profile/47-4585185,,,,,,,,,,,,,,,,,,,,,,,,,,,,,,,,,,,,,,,
1 Ten Basketball,47-4642636,,,2015,,,5305 Los Altos Rd,,Fort Worth,TX,Tarrant,76244,,,501(c)(3) Public Charity,Sports,,,"N60 (Amateur Sports Clubs, Leagues, N.E.C.)",713990,7911,7993,,,,http://www.guidestar.org/profile/47-4642636,,,,,,,,,,,,,,,,,,,,,,,,,,,,,,,,,,,,,,,
1 Dream Makers Inc,47-4709781,1/1/2018,12/31/2018,2016,2018,990EZ,6723 Poplar Ave,,Takoma Park,MD,Montgomery,20912,443-249-3172,,501(c)(3) Public Charity,Youth organizing,,,O50 (Youth Development Programs),813410,8641,8699,,,Maxes Taxes Corporation,http://www.guidestar.org/profile/47-4709781,http://www.guidestar.org/FinDocuments/2018/474/709/2018-474709781-110b51a7-Z.pdf,"$2,106 ","$2,106 ",,"$2,106 ",,,,"$17,048 ","$17,048 ",,"$17,048 ",,$0 ,$0 ,,,,,"$15,466 ",,,,,,,,,,,,"$1,599 ",,,,,,,
1 in 3 Foundation,47-4714415,,,2016,,,PO Box 216,,Flint,TX,Smith,75762,,,501(c)(3) Public Charity,Special population support,,,P80 (Services to Promote the Independence of Specific Populations),624120,8322,,,,,http://www.guidestar.org/profile/47-4714415,,,,,,,,,,,,,,,,,,,,,,,,,,,,,,,,,,,,,,,
100 Jesus Inc,47-4877472,1/1/2016,12/31/2016,2016,2016,990EZ,3502 Sheffield Manor Ter Apt 302,,Silver Spring,MD,Montgomery,20904,,,501(c)(3) Private Nonoperating Foundation,Education services,,,B90 (Educational Services and Schools - Other),611710,8299,8748,,N,,http://www.guidestar.org/profile/47-4877472,http://www.guidestar.org/FinDocuments/2016/474/877/2016-474877472-0e126f1e-Z.pdf,,,,,,,,$0 ,,,$0 ,,,,,,,,$0 ,,,,,,,,,,,,,,,,,,,
1 Step 2 Health Foundation,47-4956065,,,2016,,,6918 Beulah Oaks Ln,,North Chesterfield,VA,Chesterfield,23234,(804) 909-2843,1step2healthfoundation.org,501(c)(3) Public Charity,Health,Human services,Food aid,P99 (Human Services - Multipurpose and Other N.E.C.),624190,8322,,,,,http://www.guidestar.org/profile/47-4956065,,,,,,,,,,,,,,,,,,,,,,,,,,,,,,,,,,,Mrs Andrea Boozer ,Mrs Andrea Boozer ,President,1STEP2HEALTHFOUNDATION@GMAIL.COM,
10 Freedom Place Housing Development Fund Corporation,47-5005707,1/1/2018,12/31/2018,2017,2018,990EZ,505 8th Ave Fl 5,,New York,NY,New York,10018,212-389-9300,www.breakingground.org,501(c)(3) Public Charity,Housing development,,,"L20 (Housing Development, Construction, Management)",624229,8322,,,,GRANT THORNTON LLP,http://www.guidestar.org/profile/47-5005707,http://www.guidestar.org/FinDocuments/2018/475/005/2018-475005707-11054116-Z.pdf,"$57,891 ",$390 ,,"($16,338)",,,,"$193,646 ","$193,646 ",,,,$0 ,$0 ,,"$74,229 ",,,"$204,308 ",,,,,,,,,,,,$219 ,,,,,,,
1-121St Field Artillery Veterans Association Inc,47-5316938,,,2015,,,W55n861 Cedar Ridge Dr,,Cedarburg,WI,Ozaukee,53012,,,501(c)(3) Public Charity,Special population support,,,W30 (Military/Veterans' Organizations),813410,8641,8699,,,,http://www.guidestar.org/profile/47-5316938,,,,,,,,,,,,,,,,,,,,,,,,,,,,,,,,,,,,,,,
1 More Kid,47-5432352,,,2015,,,708 E Colonial Dr Ste 200,,Orlando,FL,Orange,32803,,,501(c)(3) Public Charity,Community improvement,,,"S20 (Community, Neighborhood Development, Improvement)",813410,8641,8699,,,,http://www.guidestar.org/profile/47-5432352,,,,,,,,,,,,,,,,,,,,,,,,,,,,,,,,,,,,,,,
100 Ways of Giving Corp,47-5456860,,,2015,,,75a Grew Ave,,Roslindale,MA,Suffolk,02131,(617) 74350728,www.100waysofgiving.org,501(c)(3) Public Charity,Foundations,Disasters and emergency management,Ethnic and racial minority rights,T31 (Community Foundations),813211,6732,,,,,http://www.guidestar.org/profile/47-5456860,,,,,,,,,,,,,,,,,,,,,,,,,,,,,,,,,,,Ms. Jennifer Anne-Solomon Matthews ,Debbie Saint-Clair ,,dsaintclair@100waysofgiving.org,
1 Love Charitable Foundation,47-5505568,,,2015,,,909 Blue Quail Run,,Glenn Heights,TX,Ellis,75154,,,501(c)(3) Public Charity,Education services,,,B90 (Educational Services and Schools - Other),611710,8299,8748,,,,http://www.guidestar.org/profile/47-5505568,,,,,,,,,,,,,,,,,,,,,,,,,,,,,,,,,,,,,,,
10129 Foundation,47-5537866,1/1/2018,12/31/2018,2016,2018,990PF,C/O Group I 500 Sansome St Ste 750,,San Francisco,CA,San Francisco,94111,415-394-7027,,501(c)(3) Private Nonoperating Foundation,Foundations,,,T20 (Private Grantmaking Foundations),813211,6732,,,,,http://www.guidestar.org/profile/47-5537866,http://www.guidestar.org/FinDocuments/2018/475/537/2018-475537866-17019701-F.pdf,$968 ,$968 ,,"($14,032)",,,,"$5,000 ","$5,000 ",$0 ,$0 ,,,,,"$15,000 ",,,"$3,235 ",,,,"$2,905 ",,,,,,$272 ,,,,,,,,,
1 MARINE 1 LIFE FOUNDATION,47-5559047,,,2016,,,1800 3rd Ave Ste 309,,Rock Island,IL,Rock Island,61201,(309) 373-2473,,501(c)(3) Public Charity,Nonprofits,Community and economic development,,"S99 (Community Improvement, Capacity Building N.E.C.)",813410,8641,8699,,,,http://www.guidestar.org/profile/47-5559047,,,,,,,,,,,,,,,,,,,,,,,,,,,,,,,,,,,,Mark McQuate ,Founder/President,info@1marine1life.org,
101Elite Volleyball Club,47-5639477,1/1/2019,12/31/2019,2016,2019,990EZ,609 Cecily St,,King City,CA,Monterey,93930,831-385-4948,N/A,501(c)(3) Public Charity,Sports,,,"N60 (Amateur Sports Clubs, Leagues, N.E.C.)",713990,7911,7993,,,Greens Accounting,http://www.guidestar.org/profile/47-5639477,http://www.guidestar.org/FinDocuments/2018/475/639/2018-475639477-116b8058-Z.pdf,"$24,970 ","$24,970 ",,"$24,970 ",,,,"$35,333 ","$45,366 ",,"$27,221 ",,"$8,112 ",,,,,,"$27,074 ",,,,,,,,,,,,,,,,,,,
1 Veteran Foundation,47-5681682,1/1/2016,12/31/2016,2018,2016,990EZ,PO Box 176,,Cortaro,AZ,Pima,85652,520-403-5030,www.1veteranfoundation@gmail.com,501(c)(3) Public Charity,Special population support,,,W30 (Military/Veterans' Organizations),813410,8641,8699,,,,http://www.guidestar.org/profile/47-5681682,http://www.guidestar.org/FinDocuments/2016/475/681/2016-475681682-0e954b28-Z.pdf,"$15,805 ","$15,178 ",,"$15,805 ",,,,"$27,536 ","$27,536 ",,"$27,536 ",,$0 ,$0 ,,,,,"$12,358 ",,,,,,,,,,,,"$4,816 ",,,,,,,
100 Club of Brazoria County,51-0174252,1/1/2018,12/31/2018,1975,2018,990,PO Box 1596,,Lake Jackson,TX,Brazoria,77566,979-236-8748,,501(c)(3) Public Charity,Public safety,,,M60 (Public Safety Benevolent Associations),813410,8641,8699,N,,"R. J. BARFIELD, CPA",http://www.guidestar.org/profile/51-0174252,http://www.guidestar.org/FinDocuments/2018/510/174/2018-510174252-10d5e025-9.pdf,"$758,899 ","$757,677 ",,"$758,899 ",,,"$758,899 ","$45,067 ","$45,067 ","$5,207 ","$39,860 ",,,,,$0 ,$0 ,,"$38,050 ","$4,000 ","$20,874 ","$13,176 ",,,,,,,,,,,"H. L BAKER, JR",,,,,0
101 Ranch Old Timers Association Inc,51-0206965,,,1976,,,1609 Donald Ave,,Ponca City,OK,Kay,74604,,,501(c)(3) Public Charity,Farm bureaus and granges,,,K28 (Farm Bureau),813910,8611,8699,,,,http://www.guidestar.org/profile/51-0206965,http://www.guidestar.org/FinDocuments/2003/510/206/2003-510206965-1-Z.pdf,,,,,,,,,,,,,,,,,,,,,,,,,,,,,,,,,,,,,,
1051 Workmens Circle Branch,51-0235370,,,1945,,,94 Seville F Kings Point,,Delray Beach,FL,Palm Beach,33446,,,501(c)(8) (Fraternal Beneficiary Societies),Cultural awareness,,,"A23 (Cultural, Ethnic Awareness)",71,,,,,,http://www.guidestar.org/profile/51-0235370,,,,,,,,,,,,,,,,,,,,,,,,,,,,,,,,,,,,,,,
1000 Hills Ministry International Inc,51-0666528,1/1/2018,12/31/2018,2009,2018,990,4910 Bayou Vista Dr,,Houston,TX,Harris,77091,(713) 302-0459,www.1000hills.org,501(c)(3) Public Charity,Christianity,,,X20 (Christian),813110,8661,,N,,ROBERT R SIMS & ASSOCIATES PC,http://www.guidestar.org/profile/51-0666528,http://www.guidestar.org/FinDocuments/2017/510/666/2017-510666528-10008ab3-9.pdf,"$205,066 ","$2,865 ",,"$12,330 ",,,,"$72,505 ","$72,505 ",$68 ,"$72,437 ",,,,,"$192,736 ","$192,736 ",,"$168,845 ","$168,845 ",$0 ,$0 ,,,,"$3,091 ",,,,,,,DAVID HILL,Mr. David Hill ,Krista Hines ,Inter-Church Liaison,krista.hines@1000hills.org,0
1 West Pratt Street Inc,52-1308898,7/1/2017,6/30/2018,1980,2017,990,1 W Pratt St,,Baltimore,MD,Baltimore City,21201,410-649-7119,,"501(c)(6) (Business Leagues, etc.)",Business promotion,,,S41 (Promotion of Business (Chambers of Commerce)),813910,8611,8699,N,N,,http://www.guidestar.org/profile/52-1308898,http://www.guidestar.org/FinDocuments/2018/521/308/2018-521308898-104e1eaa-9O.pdf,"$203,232 ","$105,922 ",,"$173,990 ",,,,"$715,264 ","$715,264 ",,$0 ,$0 ,$0 ,$0 ,$0 ,"$29,243 ",$0 ,,"$707,960 ",,,,"$3,857 ",,,"$55,869 ",,,,,,,Peggy Daidakis,,,,,
100 BLACK MEN OF MARYLAND INC,52-1730939,7/1/2018,6/30/2019,1992,2018,990,4413 Liberty Heights Ave,,Gwynn Oak,MD,Baltimore City,21207,(410) 664-6726,www.100blackmenofmaryland.org,501(c)(3) Public Charity,Community improvement,Youth organizing,Community service,O50 (Youth Development Programs),813410,8641,8699,N,,"Rufus Ingram, P.A.",http://www.guidestar.org/profile/52-1730939,http://www.guidestar.org/FinDocuments/2019/521/730/2019-521730939-17143997-9.pdf,"$101,941 ","($1,166)",,"$3,605 ",,,"$3,605 ","$53,469 ","$53,469 ",,"$53,469 ",,,,,"$98,336 ","$98,336 ",,"$56,772 ","$48,253 ","$2,237 ","$6,282 ","$3,000 ",,,"$1,085 ",,,,,,,Robert Howard,Mr. R. Wesley Webb ,Mr. R. Wesley Webb ,President,wwebb@100bmm.org,
"1000 Friends of Maryland, Inc.",52-1864759,1/1/2018,12/21/2018,1994,2018,990,1209 N Calvert St,,Baltimore,MD,Baltimore City,21202,(410) 385-2910,www.friendsofmd.org,501(c)(3) Public Charity,Land resources,Environment,Community organizing,C01 (Alliance/Advocacy Organizations),813319,8399,8641,N,,KATZ ABOSCH,http://www.guidestar.org/profile/52-1864759,http://www.guidestar.org/FinDocuments/2018/521/864/2018-521864759-17032848-9.pdf,$0 ,$0 ,$0 ,$0 ,$0 ,,$0 ,"$261,389 ","$431,474 ",$35 ,"$38,120 ",,,,,$0 ,$0 ,,"$198,080 ","$156,440 ","$36,620 ","$5,020 ","$12,664 ",,,"$1,549 ","$8,988 ",,,,,,KIMBERLY GOLDEN BRANDT,Dru Schmidt-Perkins ,Ms. Dru Schmidt-Perkins ,President & CEO,friends@friendsofmd.org,3
100 Percent Recycled Paperboard Alliance Inc,52-1944192,1/1/2018,12/31/2018,1995,2018,990,7111 Wolf Den Rd,,Fairfax Station,VA,Fairfax,22039,202-347-8000,WWW.RPA100.COM,"501(c)(6) (Business Leagues, etc.)",Recycling,,,C27 (Recycling),813312,8399,8699,N,,MANSFIELD CONSULTING GROUP,http://www.guidestar.org/profile/52-1944192,http://www.guidestar.org/FinDocuments/2018/521/944/2018-521944192-17018794-9O.pdf,"$214,915 ","$214,915 ",,"$214,915 ",,,,"$419,599 ","$419,599 ",$65 ,,,,,"$419,534 ",$0 ,$0 ,,"$388,873 ","$250,932 ","$137,941 ",$0 ,,"$38,500 ","$4,300 ","$1,819 ",,,"$31,025 ",,,,TERESE COLLING,,,,,0
100 Black Men of Greater Washington DC Inc,52-1998131,1/1/2018,12/31/2018,1997,2018,990,20 F St NW,,Washington,DC,District of Columbia,20001,202-734-4882,WWW.100BLACKMENDC.ORG,501(c)(3) Public Charity,Community service,,,S82 (Men's Service Clubs),813410,8641,8699,N,,GONZALEZ & HAWKINS LLC,http://www.guidestar.org/profile/52-1998131,http://www.guidestar.org/FinDocuments/2018/521/998/2018-521998131-17064337-9.pdf,"$41,802 ","$41,302 ",,"$20,552 ","$51,000 ",,"($30,448)","$128,101 ","$128,101 ",,"$38,046 ",,,,"$90,055 ","$21,250 ",$0 ,,"$148,800 ","$99,855 ","$48,090 ",$855 ,"$8,848 ","$26,879 ","$1,539 ","$1,004 ",,,,,,,IVORY JOHNSON,,,,,0
1 World Cultural Arts Society,52-2311873,1/1/2010,12/31/2010,2003,2010,990,2834 Guilford Ave,,Baltimore,MD,Baltimore City,21218,443-803-3313,,501(c)(3) Public Charity,Arts education,Elementary and secondary education,,"A03 (Professional Societies, Associations)",813920,8621,,N,N,LEICHTER ACCOUNTING SERVICES LLC,http://www.guidestar.org/profile/52-2311873,http://www.guidestar.org/FinDocuments/2010/522/311/2010-522311873-076fd8a3-9.pdf,$0 ,,,$0 ,,,,"$271,167 ","$271,167 ",,,,$0 ,,"$271,167 ",$0 ,$0 ,,"$293,654 ","$286,431 ","$7,223 ",$0 ,,,,,,,,,,,KENDRA BANKS,,,,,0
10 Seconds Inc,54-1706480,1/1/2018,12/31/2018,1994,2018,990EZ,PO Box 8598,,Saint Petersburg,FL,Pinellas,33738,727-641-9245,WWW.10SECONDS.ORG,501(c)(3) Public Charity,Mental health care,,,F01 (Alliance/Advocacy Organizations),813319,8399,8641,,N,,http://www.guidestar.org/profile/54-1706480,http://www.guidestar.org/FinDocuments/2018/541/706/2018-541706480-11659084-Z.pdf,"$79,137 ","$79,137 ",,"$79,137 ",,,,"$195,792 ",,,"$5,190 ",,,"$9,478 ","$181,124 ",,,,"$183,100 ",,,,,,,,,,,,"$1,810 ",,,,,,,
100 Fold Life Ministry,54-2105652,,,2004,,,635 Majestic Oak Dr,,Charleston,SC,Charleston,29412,,,501(c)(3) Public Charity,Christianity,,,X20 (Christian),813110,8661,,,,,http://www.guidestar.org/profile/54-2105652,http://www.guidestar.org/FinDocuments/2005/542/105/2005-542105652-0215a27d-Z.pdf,,,,,,,,,,,,,,,,,,,,,,,,,,,,,,,,,,,,,,
100 BLACK MEN OF GREATER CHARLOTTE INC,56-1795371,7/1/2018,6/30/2019,1993,2018,990,740 W 5th St Ste 206,,Charlotte,NC,Mecklenburg,28202,(704) 375-7300,http://www.100blackmenofcharlotte.org,501(c)(3) Public Charity,Adult and child mentoring,Community service,,"O30 (Adult, Child Matching Programs)",624110,8322,,N,N,CAMS,http://www.guidestar.org/profile/56-1795371,http://www.guidestar.org/FinDocuments/2019/561/795/2019-561795371-17080005-9.pdf,"$254,620 ","$253,562 ",,"$254,620 ","$74,595 ",,"$180,025 ","$156,507 ","$156,507 ",$772 ,"$152,885 ",,,,"$2,850 ",$0 ,$0 ,,"$201,619 ","$110,042 ","$83,530 ","$8,047 ","$3,934 ",,"$4,316 ","$1,770 ",,,,,,,STEVEN MYERS,,Ms. Jacquelin Peters ,Office Manager,charlotte100@100blackmenofcharlotte.org,0
100 Black Men of the Cape Fear Region Incorporated,56-2096274,,,2000,,,PO Box 912,,Fayetteville,NC,Cumberland,28302,,,501(c)(3) Public Charity,Community service,,,S82 (Men's Service Clubs),813410,8641,8699,,,,http://www.guidestar.org/profile/56-2096274,http://www.guidestar.org/FinDocuments/2009/562/096/2009-562096274-0607a631-Z.pdf,,,,,,,,,,,,,,,,,,,,,,,,,,,,,,,,,,,,,,
1 Sosfs Defenders Association,56-2342625,1/31/2016,1/31/2017,2016,2016,990EZ,521 Cody Ave,,Hurlburt Field,FL,Okaloosa,32544,850-884-2322,,501(c)(3) Public Charity,Public safety,,,"I03 (Professional Societies, Associations)",813920,8621,,,N,,http://www.guidestar.org/profile/56-2342625,http://www.guidestar.org/FinDocuments/2017/562/342/2017-562342625-0d8824e2-Z.pdf,$0 ,"$2,212 ",,"$2,212 ",,,,"$13,713 ",,$0 ,$350 ,,"$13,363 ",$0 ,$0 ,$0 ,,,"$11,501 ",,,,,,,,,,,,$0 ,,,,,,,
1 Serve Youth Tennis Foundation,56-2568291,,,2007,,,29454 Anthony Rd,,Valley Center,CA,San Diego,92082,,,501(c)(3) Public Charity,Racquet sports,,,N66 (Tennis and Racquet Sports Clubs/Leagues),713990,7911,7993,,,,http://www.guidestar.org/profile/56-2568291,,,,,,,,,,,,,,,,,,,,,,,,,,,,,,,,,,,,,,,
100 Black Men of Charleston Inc,57-1048412,,,1998,,,PO Box 80549,,Charleston,SC,Charleston,29416,,,501(c)(3) Public Charity,Community service,,,S82 (Men's Service Clubs),813410,8641,8699,,,,http://www.guidestar.org/profile/57-1048412,http://www.guidestar.org/FinDocuments/2003/571/048/2003-571048412-1-9.pdf,,,,,,,,,,,,,,,,,,,,,,,,,,,,,,,,,,,,,,
100 Black Men of Greater Columbia Inc,57-1071144,1/1/2018,12/31/2018,1999,2018,990EZ,PO Box 11507,,Columbia,SC,Richland,29211,803-753-4380,www.100blackmencolumbiasc.com,501(c)(3) Public Charity,Community service,,,S82 (Men's Service Clubs),813410,8641,8699,,,,http://www.guidestar.org/profile/57-1071144,http://www.guidestar.org/FinDocuments/2018/571/071/2018-571071144-10d189f5-Z.pdf,"$53,707 ","$52,743 ",,"$53,707 ",,,,"$61,809 ","$95,845 ",,"$31,580 ",,"$30,229 ",,,$0 ,,,"$42,357 ",,,,,,,,,,,,"$2,230 ",,,,,,,
100 Women in Hedge Funds Foundation,57-1174548,1/1/2018,12/31/2018,2004,2018,990,888c 8th Ave # 453,,New York,NY,New York,10019,212-588-0350,www.100womeninhedgefunds.org,501(c)(3) Public Charity,Human services,Philanthropy,Business and industry,P12 (Fund Raising and/or Fund Distribution),813219,8399,,N,,CONDON O'MEARA MCGINTY & DONNELLY LLP,http://www.guidestar.org/profile/57-1174548,http://www.guidestar.org/FinDocuments/2018/571/174/2018-571174548-17159980-9.pdf,"$957,480 ","$744,146 ",,"$123,233 ",,,"$123,233 ","$2,052,453 ","$2,375,458 ","$4,237 ","$2,048,066 ",,$0 ,,$150 ,"$834,247 ",$0 ,,"$2,258,847 ","$1,876,623 ","$277,444 ","$104,780 ","$30,088 ",,"$35,613 ","$1,404 ",,,"$2,250 ","$20,000 ",,,DIANA CANTOR,,,,,0
100 Women in Finance Association Inc,57-1174550,1/1/2018,12/31/2018,2003,2018,990,888c 8th Ave # 453,,New York,NY,New York,10019,212-588-0350,WWW.100WOMEN.ORG,"501(c)(6) (Business Leagues, etc.)",Business and industry,,,S41 (Promotion of Business (Chambers of Commerce)),813910,8611,8699,N,,CONDON O'MEARA MCGINTY & DONNELLY LLP,http://www.guidestar.org/profile/57-1174550,http://www.guidestar.org/FinDocuments/2018/571/174/2018-571174550-17028339-9O.pdf,"$1,745,097 ","$1,691,849 ",,"$1,345,657 ",,,"$1,345,657 ","$898,280 ","$972,452 ","$18,773 ","$357,982 ",,$0 ,,"$521,525 ","$399,440 ",$0 ,,"$807,342 ",,,,"$3,000 ",,,"$3,177 ",,,,,,,AMANDA PULLINGER,,,,,5
0005 GA,58-1514574,,,1945,,,4786 McCombs Rd Unit A,,Hephzibah,GA,Richmond,30815,,,501(c)(19) (Post or Organizations of War Veterans),Special population support,,,W30 (Military/Veterans' Organizations),813410,8641,8699,,,,http://www.guidestar.org/profile/58-1514574,http://www.guidestar.org/FinDocuments/2008/581/514/2008-581514574-052cfa43-ZO.pdf,,,,,,,,,,,,,,,,,,,,,,,,,,,,,,,,,,,,,,
100 BLACK MEN OF ATLANTA INC,58-1721923,1/1/2018,12/31/2018,1988,2018,990,101 Jackson St NE Fl 2,,Atlanta,GA,Fulton,30312,(404) 45256220,www.100blackmen-atlanta.org,501(c)(3) Public Charity,Youth services,Community service,,P30 (Children's and Youth Services),624110,8322,,N,,"BANKS, FINLEY, WHITE & CO.",http://www.guidestar.org/profile/58-1721923,http://www.guidestar.org/FinDocuments/2018/581/721/2018-581721923-10deffa0-9.pdf,"$1,403,263 ","$301,981 ","$587,389 ","$876,833 ",$0 ,,"$876,833 ","$1,666,510 ","$2,072,482 ","$9,984 ","$1,503,751 ",,"$104,650 ",,"$45,000 ","$526,430 ",$0 ,,"$1,625,680 ","$1,388,452 ","$238,719 ",$0 ,"$18,439 ","$6,716 ","$46,938 ","$10,490 ","$3,122 ",,,,,,Anthony Flynn,Mr. Anthony Flynn ,Mr. Anthony T Flynn ,Executive Director,aflynn@100blackmen-atlanta.org,8
100 Black Men of South Metro Inc,58-1945615,1/1/2019,12/31/2019,1992,2019,990,1513 Cleveland Ave,,Atlanta,GA,Fulton,30344,,WWW.100BLACKMENSOUTHMETRO.ORG,501(c)(3) Public Charity,Community service,,,S82 (Men's Service Clubs),813410,8641,8699,N,,PILATUS TAX SERVICE,http://www.guidestar.org/profile/58-1945615,http://www.guidestar.org/FinDocuments/2017/581/945/2017-581945615-101a990b-9.pdf,"$165,159 ","$149,475 ",,"$165,159 ",,,"$165,159 ","$257,470 ","$257,470 ",$148 ,"$236,322 ",,,,"$21,000 ",$0 ,$0 ,,"$290,638 ","$66,914 ","$148,432 ","$75,292 ","$3,910 ",,,$673 ,,,,,,,PAUL VAUGHN,,,,,1
"100 Black Men of America, Inc.",58-1974429,7/1/2018,6/30/2019,1992,2018,990,141 Auburn Ave NE,,Atlanta,GA,Fulton,30303,(404) 688-5100,100blackmen.org,501(c)(3) Public Charity,Nonprofits,Human services,Youth development,O01 (Alliance/Advocacy Organizations),813319,8399,8641,N,,MARTIN HARPS SYPHOE & CO,http://www.guidestar.org/profile/58-1974429,http://www.guidestar.org/FinDocuments/2018/581/974/2018-581974429-107cb639-9.pdf,"$4,557,326 ","$4,092,407 ",,"$3,407,241 ","$1,175,244 ",,"$2,231,997 ","$3,969,946 ","$3,969,946 ","$53,661 ","$3,369,484 ","$115,678 ",,,"$537,427 ","$1,150,085 ","$86,421 ",,"$4,366,870 ","$3,636,289 ","$546,752 ","$183,829 ","$11,850 ","$50,989 ","$42,638 ","$26,629 ","$2,957 ",,"$5,066 ",,,"$64,000 ",SHERON MEADOWS,Mr. John E. Armstrong Jr.,Mrs. Sheron Meadows ,Finance Comptroller,sheron.meadows@100bmoa.org,16
100 Black Men of Middle Tennessee,58-1984750,1/1/2018,12/31/2018,1992,2018,990,PO Box 140789,,Nashville,TN,Davidson,37214,(615) 248-2721,www.the100middletn.org,501(c)(3) Public Charity,Education,Youth organizing,Civics for youth,O50 (Youth Development Programs),813410,8641,8699,N,N,Sylvia Johnson CPA PC,http://www.guidestar.org/profile/58-1984750,http://www.guidestar.org/FinDocuments/2018/581/984/2018-581984750-10f0fdf4-9.pdf,"$319,325 ","$258,011 ",,"$296,325 ",,,"$296,325 ","$536,307 ","$536,307 ",$328 ,"$535,979 ",,,,,"$23,000 ",$0 ,,"$514,601 ","$231,804 ","$92,854 ","$189,943 ","$1,200 ","$1,417 ",$0 ,$0 ,$0 ,$0 ,$0 ,$0 ,,,Lori Adukeh,Mrs. Lori Leon Adukeh ,Lori Adukeh ,,info@the100.org,1
100 Black Men of Rome Inc,58-2013404,,,1997,,,3 Central Plz # 182,,Rome,GA,Floyd,30161,,100bmor.org,501(c)(3) Public Charity,Health,Youth development,Economics for youth,O99 (Other Youth Development N.E.C.),624110,8322,,,,,http://www.guidestar.org/profile/58-2013404,,,,,,,,,,,,,,,,,,,,,,,,,,,,,,,,,,,Rayford Horne ,Gregory Shropshire ,Immediate Past President,shropshire.gregory@gmail.com,
"100 Per Cent Charity, Inc.",58-2044013,,,1993,,,8202 Lullwater Ct,,Jonesboro,GA,Clayton,30236,,,501(c)(3) Private Nonoperating Foundation,Foundations,,,T30 (Public Foundations),813211,6732,,,,,http://www.guidestar.org/profile/58-2044013,,,,,,,,,,,,,,,,,,,,,,,,,,,,,,,,,,,,,,,
100 Black Men of North Metro Atlanta Inc,58-2052894,1/1/2018,12/31/2018,1995,2018,990,2300 Holcomb Bridge Rd Ste 103-215,,Roswell,GA,Fulton,30076,678-827-0840,http://northmetro100.org,501(c)(3) Public Charity,Education services,Health,Community service,S82 (Men's Service Clubs),813410,8641,8699,N,,,http://www.guidestar.org/profile/58-2052894,http://www.guidestar.org/FinDocuments/2018/582/052/2018-582052894-10ad13fb-9.pdf,"$192,176 ","$192,201 ",$0 ,"$191,207 ",$0 ,$0 ,"$191,207 ","$178,554 ","$236,168 ",$58 ,"$113,557 ",$0 ,"$63,239 ",$0 ,"$1,700 ",$969 ,$0 ,$0 ,"$168,054 ","$123,519 ","$44,535 ",$0 ,$481 ,$420 ,"$6,174 ",$800 ,"$5,031 ",$0 ,$0 ,$0 ,,,Steve Miller,,,,,0
100 Black Men of Augusta Inc,58-2095878,1/1/2018,12/31/2018,2014,2018,990EZ,PO Box 12275,,Augusta,GA,Richmond,30914,706-339-2096,100BMAUGUSTA.ORG,501(c)(3) Public Charity,Community service,,,S82 (Men's Service Clubs),813410,8641,8699,,,H AND R BLOCK,http://www.guidestar.org/profile/58-2095878,http://www.guidestar.org/FinDocuments/2018/582/095/2018-582095878-1142045a-Z.pdf,"$76,138 ","$35,394 ",,"$76,138 ",,,,"$60,315 ","$98,310 ","$1,062 ","$30,835 ",,"$23,418 ",,"$5,000 ",,,,"$50,742 ",,,,,,,,,,,,$550 ,,,,,,,
100 Black Men of West Georgia Inc,58-2099680,7/1/2017,6/30/2018,1994,2017,990,PO Box 3106,,Lagrange,GA,Troup,30241,706-812-1007,N/A,501(c)(3) Public Charity,Community service,,,S82 (Men's Service Clubs),813410,8641,8699,N,,GAY & JOSEPH CPA PC,http://www.guidestar.org/profile/58-2099680,http://www.guidestar.org/FinDocuments/2019/582/099/2019-582099680-115da3fb-9.pdf,"$122,863 ","$74,149 ",,"$118,941 ",,,"$118,941 ","$289,345 ","$289,345 ",,"$287,595 ","$287,361 ",,,"$1,750 ","$3,922 ",$0 ,,"$285,712 ","$261,817 ","$23,895 ",$0 ,,,$105 ,"$3,188 ",,,,,,,CLIFFORD MEEKS,,,,,10
100 Black Men of Bradley County Inc,58-2141984,1/1/2019,12/31/2019,1994,2019,990EZ,PO Box 5677,,Cleveland,TN,Bradley,37320,,100bmbc.org,501(c)(3) Public Charity,Community service,,,S82 (Men's Service Clubs),813410,8641,8699,,,Marcia D Gilbert CPA,http://www.guidestar.org/profile/58-2141984,http://www.guidestar.org/FinDocuments/2018/582/141/2018-582141984-10b1d5d1-Z.pdf,"$193,421 ","$193,421 ",,"$131,991 ",,,,"$48,579 ","$64,839 ","$2,746 ","$23,630 ",,"$22,203 ",,,"$61,430 ",,,"$29,136 ",,,,,,,,,,,,$259 ,,,,,,,
100 Black Men of Valdosta Inc,58-2201428,,,2019,,,401 E Martin Luther King Jr Dr,,Valdosta,GA,Lowndes,31601,,,501(c)(3) Public Charity,Community service,,,S82 (Men's Service Clubs),813410,8641,8699,,,,http://www.guidestar.org/profile/58-2201428,http://www.guidestar.org/FinDocuments/2010/582/201/2010-582201428-075546f1-Z.pdf,,,,,,,,,,,,,,,,,,,,,,,,,,,,,,,,,,,,,,
100 Black Men of Macon-Middle GA Inc,58-2221295,1/1/2018,12/31/2018,1996,2018,990EZ,PO Box 26152,,Macon,GA,Bibb,31221,478-742-1900,WWW.100BLACKMEN-MACON.COM,501(c)(3) Public Charity,Community service,,,S82 (Men's Service Clubs),813410,8641,8699,,,RICHARDSON FINANCIAL INC,http://www.guidestar.org/profile/58-2221295,http://www.guidestar.org/FinDocuments/2018/582/221/2018-582221295-17091089-Z.pdf,"$191,358 ","$190,632 ",,"$191,018 ",,,,"$106,489 ","$113,168 ","$4,850 ","$69,913 ",,"$31,726 ",,,$340 ,,,"$96,683 ",,,,,,,,,,,,,,,,,,,
003 Lafayette Cty Chapter,58-2260264,,,1982,,,19996 Grange Rd,,Higginsville,MO,Lafayette,64037,,,501(c)(3) Public Charity,Human rights,,,"R99 (Civil Rights, Social Action, and Advocacy N.E.C.)",813311,8399,,,,,http://www.guidestar.org/profile/58-2260264,,,,,,,,,,,,,,,,,,,,,,,,,,,,,,,,,,,,,,,
100 Black Men of Savannah Inc,58-2317389,1/1/2018,12/31/2018,1998,2018,990EZ,PO Box 14606,,Savannah,GA,Chatham,31416,912-303-8006,WWW.100BLACKMENSAV.ORG,501(c)(3) Public Charity,Community service,,,S82 (Men's Service Clubs),813410,8641,8699,,,STEIN ACCOUNTING CPA,http://www.guidestar.org/profile/58-2317389,http://www.guidestar.org/FinDocuments/2018/582/317/2018-582317389-16988778-Z.pdf,"$62,167 ","$62,167 ",,"$62,167 ",,,,"$49,278 ","$80,038 ",$3 ,"$42,126 ",,"$4,267 ",,"$1,325 ",,,,"$50,475 ",,,,,,,,,,,,"$2,985 ",,,,,,,
100 Black Men of Albany GA Inc,58-2422484,,,2000,,,Post Office 5674,,Albany,GA,Dougherty,31706,,,501(c)(3) Public Charity,Community service,,,S82 (Men's Service Clubs),813410,8641,8699,,,,http://www.guidestar.org/profile/58-2422484,http://www.guidestar.org/FinDocuments/2012/582/422/2012-582422484-096193e2-Z.pdf,,,,,,,,,,,,,,,,,,,,,,,,,,,,,,,,,,,,,,
100 Angels Charitable Foundation,58-2517735,,,2000,,,30 Perimeter Park Dr Ste 110,,Atlanta,GA,DeKalb,30341,,,501(c)(3) Private Nonoperating Foundation,Foundations,,,T30 (Public Foundations),813211,6732,,,,,http://www.guidestar.org/profile/58-2517735,http://www.guidestar.org/FinDocuments/2008/582/517/2008-582517735-067ed9f2-F.pdf,,,,,,,,,,,,,,,,,,,,,,,,,,,,,,,,,,,,,,
100 Black Men of Columbus Georgia Inc,58-2583415,1/1/2018,12/31/2018,2002,2018,990EZ,PO Box 2564,,Columbus,GA,Muscogee,31902,706-405-0950,N/A,501(c)(3) Public Charity,Immigrant services,,,P84 (Ethnic/Immigrant Services),624190,8322,,,,TAYLOR CPA & ASSOCIATES PC,http://www.guidestar.org/profile/58-2583415,http://www.guidestar.org/FinDocuments/2018/582/583/2018-582583415-11376616-Z.pdf,"$21,905 ","$21,905 ",,"$21,905 ",,,,"$37,640 ","$37,640 ",,"$37,640 ",,,,,$0 ,,,"$24,530 ",,,,,,,,,,,,$59 ,,,,,,,
1 Step 2 Fitness,58-2681652,1/1/2018,12/31/2018,2018,2018,990EZ,1921 Nova Scotia Cir,,Bessemer,AL,Jefferson,35022,586-615-5869,WWW.1STEP2FITNESS.COM,501(c)(3) Public Charity,Civics for youth,,,"O54 (Citizenship Programs, Youth Development)",813410,8641,8699,,,FLOWERS CONSULTANTLLC,http://www.guidestar.org/profile/58-2681652,http://www.guidestar.org/FinDocuments/2018/582/681/2018-582681652-10e8a760-Z.pdf,"$2,900 ","$2,900 ",,$100 ,,,,"$2,850 ","$2,900 ",$0 ,"$2,850 ",,$0 ,$0 ,$0 ,"$2,800 ",,,"$2,800 ",,,,,,,,,,,,$100 ,,,,,,,
100 Club of South Palm Beach County Inc,59-1756721,11/1/2018,10/31/2019,1980,2018,990EZ,201 N Federal Hwy Ste 114,,Deerfield Beach,FL,Broward,33441,954-420-5599,,501(c)(3) Public Charity,Public safety,,,M60 (Public Safety Benevolent Associations),813410,8641,8699,,N,D Douglas Hill CPAChtd,http://www.guidestar.org/profile/59-1756721,http://www.guidestar.org/FinDocuments/2019/591/756/2019-591756721-17123539-Z.pdf,"$127,263 ","$127,263 ",,"$127,263 ",,,,"$55,651 ","$55,651 ",$46 ,"$41,070 ",,$0 ,$0 ,,,,,"$53,522 ",,,,,,,,,,,,"$1,529 ",,,,,,,
100 Club of Gibsonton,59-2001464,,,1981,,,PO Box 344,,Gibsonton,FL,Hillsborough,33534,,,501(c)(4) (Civic Leagues and Social Welfare Organizations),Law enforcement,,,I60 (Law Enforcement Agencies (Police Departments)),541199,7389,,,,,http://www.guidestar.org/profile/59-2001464,http://www.guidestar.org/FinDocuments/2006/592/001/2006-592001464-02e13d1b-ZO.pdf,,,,,,,,,,,,,,,,,,,,,,,,,,,,,,,,,,,,,,
10-13 Club of Brevard County Inc,59-2166820,,,2013,,,PO Box 410157,,Melbourne,FL,Brevard,32941,,,501(c)(7) (Social and Recreation Clubs),Clubs,,,"N50 (Recreational, Pleasure, or Social Club)",713990,7911,7993,,,,http://www.guidestar.org/profile/59-2166820,,,,,,,,,,,,,,,,,,,,,,,,,,,,,,,,,,,,,,,
103Rd St Baptist Church,59-2332444,,,1969,,,8819 103rd St,,Jacksonville,FL,Duval,32210,,,501(c)(3) Public Charity,Protestantism,,,X21 (Protestant),813110,8661,,,,,http://www.guidestar.org/profile/59-2332444,,,,,,,,,,,,,,,,,,,,,,,,,,,,,,,,,,,,,,,
"1000 Friends of Florida, Inc.",59-2761163,1/1/2018,6/30/2018,1987,2018,990,PO Box 5948,,Tallahassee,FL,Leon,32314,(850) 222-6277,www.1000friendsofflorida.org,501(c)(3) Public Charity,Natural resources,Community and economic development,Shelter and residential care,C30 (Natural Resource Conservation and Protection),813312,8399,8699,N,,"JEAN M. SCRUGGS, CPA",http://www.guidestar.org/profile/59-2761163,http://www.guidestar.org/FinDocuments/2018/592/761/2018-592761163-10d6fe0a-9.pdf,"$453,262 ","$433,849 ",,"$426,806 ","$75,092 ",,"$351,714 ","$229,164 ","$230,387 ",$243 ,"$227,019 ",,,,"$1,962 ","$26,456 ",$0 ,,"$223,627 ","$159,067 ","$45,418 ","$19,142 ","$7,500 ",$729 ,,"$1,991 ",,,"$12,000 ","$3,537 ",,,Paul Owens,Mr. Paul Owens ,"Ms. Vivian Young, AICP ",Communications Director,vyoung@1000fof.org,4
10-13 Club of Northeast Florida Inc,59-2826181,,,2013,,,1115 Heron Point Way,,Deland,FL,Volusia,32724,,,501(c)(7) (Social and Recreation Clubs),Clubs,,,"N50 (Recreational, Pleasure, or Social Club)",713990,7911,7993,,,,http://www.guidestar.org/profile/59-2826181,,,,,,,,,,,,,,,,,,,,,,,,,,,,,,,,,,,,,,,
100 Black Men of Pensacola Inc,59-3068740,,,1992,,,PO Box 18536,,Pensacola,FL,Escambia,32523,,,501(c)(3) Public Charity,Community service,,,S82 (Men's Service Clubs),813410,8641,8699,,,,http://www.guidestar.org/profile/59-3068740,http://www.guidestar.org/FinDocuments/2010/593/068/2010-593068740-0700005e-9.pdf,,,,,,,,,,,,,,,,,,,,,,,,,,,,,,,,,,,,,,
101St Military Police Bn Assn,59-3095178,,,2003,,,2966 Macalpin Dr N,,Palm Harbor,FL,Pinellas,34684,,,501(c)(19) (Post or Organizations of War Veterans),Special population support,,,W30 (Military/Veterans' Organizations),813410,8641,8699,,,,http://www.guidestar.org/profile/59-3095178,http://www.guidestar.org/FinDocuments/2006/593/095/2006-593095178-03965be0-ZO.pdf,,,,,,,,,,,,,,,,,,,,,,,,,,,,,,,,,,,,,,
100 Black Men of Jacksonville Florida Inc,59-3190565,1/1/2016,12/31/2016,1993,2016,990EZ,PO Box 2065,,Jacksonville,FL,Duval,32203,,,501(c)(3) Public Charity,Community service,,,S82 (Men's Service Clubs),813410,8641,8699,,,HUBERT W GILL CPA,http://www.guidestar.org/profile/59-3190565,http://www.guidestar.org/FinDocuments/2016/593/190/2016-593190565-0f0285b5-Z.pdf,"$5,048 ","$5,048 ",,"$5,048 ",,,,"$22,364 ","$22,364 ",,"$17,644 ",,,,"$4,720 ",$0 ,,,"$26,720 ",,,,,,,,,,,,$977 ,,,,,,,
103Rd Street Church of God,59-3195524,,,1972,,,10356 103rd St,,Jacksonville,FL,Duval,32210,,,501(c)(3) Public Charity,Protestantism,,,X21 (Protestant),813110,8661,,,,,http://www.guidestar.org/profile/59-3195524,,,,,,,,,,,,,,,,,,,,,,,,,,,,,,,,,,,,,,,
100 Black Men of Central Florida Inc,59-3275685,,,1995,,,PO Box 10514,,Daytona Beach,FL,Volusia,32120,,,501(c)(3) Private Nonoperating Foundation,Community service,,,S82 (Men's Service Clubs),813410,8641,8699,,,,http://www.guidestar.org/profile/59-3275685,,,,,,,,,,,,,,,,,,,,,,,,,,,,,,,,,,,,,,,
0550 Community Involvement and Commitment Club of Tampa Inc,59-3366018,,,1999,,,PO Box 11067,,Tampa,FL,Hillsborough,33680,,,501(c)(3) Public Charity,Community improvement,,,"S20 (Community, Neighborhood Development, Improvement)",813410,8641,8699,,,,http://www.guidestar.org/profile/59-3366018,http://www.guidestar.org/FinDocuments/2001/593/366/2001-593366018-1-9.pdf,,,,,,,,,,,,,,,,,,,,,,,,,,,,,,,,,,,,,,
100 Black Men of Greater Gainesville,59-3457249,,,1997,,,PO Box 113155,,Gainesville,FL,Alachua,32611,,,501(c)(3) Private Nonoperating Foundation,Community service,,,S82 (Men's Service Clubs),813410,8641,8699,,,,http://www.guidestar.org/profile/59-3457249,,,,,,,,,,,,,,,,,,,,,,,,,,,,,,,,,,,,,,,
1005 VFW Post,59-3484825,,,1964,,,5275 Babcock St NE,,Palm Bay,FL,Brevard,32905,,,501(c)(19) (Post or Organizations of War Veterans),Special population support,,,W30 (Military/Veterans' Organizations),813410,8641,8699,,,,http://www.guidestar.org/profile/59-3484825,http://www.guidestar.org/FinDocuments/2013/593/484/2013-593484825-0aa36bb5-ZO.pdf,,,,,,,,,,,,,,,,,,,,,,,,,,,,,,,,,,,,,,
102Nd Observation Squadron Association Inc,59-3623468,,,2000,,,2300 Currant Pl,,Spring Hill,FL,Hernando,34608,,,501(c)(19) (Post or Organizations of War Veterans),Public safety,,,"I03 (Professional Societies, Associations)",813920,8621,,,,,http://www.guidestar.org/profile/59-3623468,,,,,,,,,,,,,,,,,,,,,,,,,,,,,,,,,,,,,,,
10-1 Foundation Inc,59-3789335,1/1/2018,12/31/2018,2006,2018,990PF,PO Box 2533,,Thomasville,GA,Thomas,31799,404-607-1168,,501(c)(3) Private Nonoperating Foundation,Presbyterianism,,,A12 (Fund Raising and/or Fund Distribution),813219,8399,,,,,http://www.guidestar.org/profile/59-3789335,http://www.guidestar.org/FinDocuments/2018/593/789/2018-593789335-17001710-F.pdf,"$2,401,011 ","$445,220 ","$550,060 ","$2,401,011 ",,,,"$217,282 ","$751,970 ","$26,863 ","$683,568 ",,,,,$0 ,,,"$709,425 ",,,,"$9,146 ",,,,,,,,,,,,,,,
100 Black Men of Louisville Inc,61-1191888,1/1/2019,12/31/2019,1991,2019,990,13200 Complete Ct Rm 400,,Louisville,KY,Jefferson,40223,502-212-4727,,501(c)(3) Public Charity,Community service,,,V31 (Black Studies),541720,8733,8732,N,,Charles Alexander III CPA,http://www.guidestar.org/profile/61-1191888,http://www.guidestar.org/FinDocuments/2018/611/191/2018-611191888-1134c805-9.pdf,"$37,549 ","$37,549 ",,"$37,549 ",,,"$37,549 ","$29,338 ","$102,295 ",,"$12,085 ",,"$17,253 ",,,$0 ,$0 ,,"$13,624 ","$13,624 ",$0 ,$0 ,$0 ,$0 ,$767 ,"$2,205 ",$0 ,$0 ,$0 ,$0 ,,,GARY ELEY,,,,,0
1000 Hills Inc,61-1308763,,,1997,,,2019 Catalpa Loop,,Richmond,KY,Madison,40475,,,501(c)(3) Public Charity,Foundations,,,T22 (Private Independent Foundations),813211,6732,,,,,http://www.guidestar.org/profile/61-1308763,,,,,,,,,,,,,,,,,,,,,,,,,,,,,,,,,,,,,,,
1 Voice Ministry Inc,61-1399000,,,1964,,,614 Old Smokey Rd,,Brodhead,KY,Rockcastle,40409,,,501(c)(3) Public Charity,Christianity,,,X20 (Christian),813110,8661,,,,,http://www.guidestar.org/profile/61-1399000,,,,,,,,,,,,,,,,,,,,,,,,,,,,,,,,,,,,,,,
100 Acre Wood Daycare,61-1451265,,,2014,,,1340 Onondaga Rd,,Holt,MI,Ingham,48842,,,501(c)(3) Public Charity,Education,,,,,,,,,,http://www.guidestar.org/profile/61-1451265,,,,,,,,,,,,,,,,,,,,,,,,,,,,,,,,,,,,,,,
100 Black Men of Southeast Georgia,61-1521550,,,2015,,,623 Sycamore St,,Blackshear,GA,Pierce,31516,,,501(c)(3) Public Charity,Human services,,,P20 (Human Service Organizations),624190,8322,,,,,http://www.guidestar.org/profile/61-1521550,,,,,,,,,,,,,,,,,,,,,,,,,,,,,,,,,,,,,,,
1024 Foundation,61-1578148,,,2013,,,24 Tonnelier Way,,Denville,NJ,Morris,07834,,,501(c)(3) Public Charity,Foundations,,,T30 (Public Foundations),813211,6732,,,,,http://www.guidestar.org/profile/61-1578148,http://www.guidestar.org/FinDocuments/2014/611/578/2014-611578148-0b120a70-Z.pdf,,,,,,,,,,,,,,,,,,,,,,,,,,,,,,,,,,,,,,
1040 Visions,61-1720297,,,2013,,,PO Box 888,,Suffolk,VA,Suffolk City,23439,,,501(c)(3) Public Charity,Child care,,,P33 (Child Day Care),624410,8351,,,,,http://www.guidestar.org/profile/61-1720297,,,,,,,,,,,,,,,,,,,,,,,,,,,,,,,,,,,,,,,
06 United Inc,61-1895549,,,2019,,,214 Duffield St Apt 41e,,Brooklyn,NY,Kings,11201,(718) 760-0280,http://www.06united.com,501(c)(3) Public Charity,European football,,,N64 (Soccer Clubs/Leagues),713990,7911,7993,,,,http://www.guidestar.org/profile/61-1895549,,,,,,,,,,,,,,,,,,,,,,,,,,,,,,,,,,,Andy Chan ,Andy Chan ,Executive Director,andy.chan@06united.com,
05-The Filson Club Et AL Tuw,61-6125263,8/1/2017,7/31/2018,1930,2017,990PF,100 S Commons Ste 116,,Pittsburgh,PA,Allegheny,15212,215-749-7534,,501(c)(3) Private Nonoperating Foundation,Foundations,,,T90 (Named Trusts/Foundations N.E.C.),813211,6732,,,,,http://www.guidestar.org/profile/61-6125263,http://www.guidestar.org/FinDocuments/2018/616/125/2018-616125263-0fd4e5da-F.pdf,"$541,531 ","$1,858 ",,"$541,531 ",,,,"$48,512 ","$447,830 ","$44,802 ","$25,141 ",,,,,$0 ,,,"$29,825 ",,,,,,,,,,,,,,,,,,,
100 Black Men of Memphis Inc,62-1456812,1/1/2016,12/31/2016,1995,2016,990EZ,3925 Chelsea Avenue Ext,,Memphis,TN,Shelby,38108,901-626-3994,,501(c)(3) Public Charity,Community service,,,"O31 (Big Brothers, Big Sisters)",624110,8322,,,,,http://www.guidestar.org/profile/62-1456812,http://www.guidestar.org/FinDocuments/2016/621/456/2016-621456812-0deeebb4-Z.pdf,"$9,271 ","$7,471 ",,"$9,271 ",,,,"$72,574 ","$72,574 ",,"$72,574 ",,$0 ,$0 ,,,,,"$63,924 ",,,,,,,,,,,,,,,,,,,
100 Plus Club of Sumner County,62-1489476,,,1994,,,PO Box 693,,Hendersonville,TN,Sumner,37077,,,501(c)(3) Public Charity,Theater,,,A65 (Theater),711110,5812,7922,,,,http://www.guidestar.org/profile/62-1489476,http://www.guidestar.org/FinDocuments/1999/621/489/1999-621489476-1-Z.pdf,,,,,,,,,,,,,,,,,,,,,,,,,,,,,,,,,,,,,,
100 Black Men of West Tennessee,62-1527760,1/1/2018,12/31/2018,1993,2018,990EZ,PO Box 7643,,Jackson,TN,Madison,38302,731-422-3342,N/A,501(c)(3) Public Charity,Community service,,,P20 (Human Service Organizations),624190,8322,,,,COWART REESE SARGENT CPAS,http://www.guidestar.org/profile/62-1527760,http://www.guidestar.org/FinDocuments/2018/621/527/2018-621527760-1132dd0e-Z.pdf,"$82,383 ","$82,383 ",,"$82,383 ",,,,"$4,829 ","$56,031 ",$216 ,"$6,900 ",,"($2,287)",,,,,,"$14,964 ",,,,,,,,,,,,$696 ,,,,,,,
1040 CONNECTIONS INC,62-1825230,1/1/2018,12/31/2018,2000,2018,990,2120 Northgate Park Ln Ste 400,,Chattanooga,TN,Hamilton,37415,(423) 468-4871,www.1040connections.org,501(c)(3) Public Charity,Elementary education,Protestantism,Christianity,X21 (Protestant),813110,8661,,N,,,http://www.guidestar.org/profile/62-1825230,http://www.guidestar.org/FinDocuments/2018/621/825/2018-621825230-10de04ea-9.pdf,"$765,314 ","$524,829 ",,"$757,104 ","$161,850 ","$116,300 ","$478,954 ","$472,386 ","$481,977 ",$552 ,"$479,070 ",,"($8,109)",$873 ,,"$8,210 ",$0 ,,"$348,048 ","$254,857 ","$54,478 ","$38,713 ","$5,000 ",,"$3,107 ","$2,031 ",,$0 ,,,,,Leslie Segraves,Drs. Chad and Leslie Neal Segraves ,Chad and Leslie Neal Segraves ,,candles@1040connections.org,6
100 Black Men of Greater Mobile Inc,63-1195502,10/1/2017,9/30/2018,1998,2017,990,PO Box 40507,,Mobile,AL,Mobile,36640,251-405-5500,N/A,501(c)(3) Public Charity,Community service,,,"S20 (Community, Neighborhood Development, Improvement)",813410,8641,8699,N,,Kalifeh Bedsole Adams PC,http://www.guidestar.org/profile/63-1195502,http://www.guidestar.org/FinDocuments/2018/631/195/2018-631195502-113b6ff2-9.pdf,"$304,896 ","$304,896 ",,"$298,149 ","$64,955 ",,"$233,194 ","$458,730 ","$506,895 ",$48 ,"$11,030 ",,"$60,606 ",,"$387,046 ","$6,747 ",$0 ,,"$365,872 ","$239,912 ","$96,486 ","$29,474 ","$11,258 ",,,"$4,183 ",,,,,,,MARLON JONES,,,,,5
100 Black Men Greater Montgomery Area Inc,63-1283450,1/1/2017,12/31/2017,2002,2017,990EZ,PO Box 241713,,Montgomery,AL,Montgomery,36124,(334) 652-8203,www.montgomery100.org,501(c)(3) Public Charity,Human services,Community service,,P99 (Human Services - Multipurpose and Other N.E.C.),624190,8322,,,N,,http://www.guidestar.org/profile/63-1283450,http://www.guidestar.org/FinDocuments/2017/631/283/2017-631283450-0f37f492-Z.pdf,"$1,976 ","$1,708 ",,"$1,976 ",,,,"$40,846 ",,$0 ,"$40,846 ",,$0 ,$0 ,$0 ,$0 ,,,"$56,483 ",,,,,,,,,,,,$400 ,,,Mr. Jameal D Brown ,Mr. Jameal D Brown ,Chapter President & Chairman of the Board,president@montgomery100.org,
100 Club of Jones County,64-0742866,,,1986,,,PO Box 768,,Laurel,MS,Jones,39441,,,501(c)(3) Public Charity,Law enforcement,,,I60 (Law Enforcement Agencies (Police Departments)),541199,7389,,,,,http://www.guidestar.org/profile/64-0742866,,,,,,,,,,,,,,,,,,,,,,,,,,,,,,,,,,,,,,,
100 Black Men of Bolivar County,64-0815228,,,1996,,,PO Box 656,,Cleveland,MS,Bolivar,38732,,,501(c)(3) Public Charity,Community service,,,S82 (Men's Service Clubs),813410,8641,8699,,,,http://www.guidestar.org/profile/64-0815228,,,,,,,,,,,,,,,,,,,,,,,,,,,,,,,,,,,,,,,
100 Black Men of Jackson Inc,64-0817928,1/1/2018,12/31/2018,1992,2018,990,5360 HIGHLAND DR,,JACKSON,MS,Hinds,39206,601-366-8301,N/A,501(c)(3) Public Charity,Community service,,,S82 (Men's Service Clubs),813410,8641,8699,N,,CUSTOMIZED ACCOUNTING CONSULTANTS LLC,http://www.guidestar.org/profile/64-0817928,http://www.guidestar.org/FinDocuments/2018/640/817/2018-640817928-17127258-9.pdf,"$352,563 ","$211,046 ",,"$262,046 ",,,"$262,046 ","$580,666 ","$580,666 ",,"$568,703 ","$387,992 ",,,"$13,259 ","$90,517 ","$74,625 ",,"$503,495 ","$373,932 ","$63,350 ","$66,213 ",$681 ,,,"$8,742 ","$4,481 ",,,,,,Harvey Johnson,,,,,9
100 Black Men of the Delta Inc,64-0818914,1/1/2018,12/31/2018,2015,2018,990EZ,PO Box 1371,,Greenville,MS,Washington,38702,662-820-0770,,501(c)(3) Public Charity,Youth organizing,,,O50 (Youth Development Programs),813410,8641,8699,,N,,http://www.guidestar.org/profile/64-0818914,http://www.guidestar.org/FinDocuments/2018/640/818/2018-640818914-10fe09a9-Z.pdf,"$10,294 ","$10,294 ",,"$10,294 ",,,,"$39,360 ","$39,360 ",$0 ,"$39,360 ",,$0 ,$0 ,$0 ,$0 ,,,"$38,159 ",,,,,,,,,,,,$0 ,,,,,,,
100 Black Men of Columbus MS Inc,64-0874131,1/1/2017,12/31/2017,1997,2017,990EZ,PO Box 262,,Columbus,MS,Lowndes,39703,,,501(c)(3) Public Charity,Crime prevention,,,I21 (Delinquency Prevention),624110,8322,,,,TaWanda Dismuke Johnikin CPA LLC,http://www.guidestar.org/profile/64-0874131,http://www.guidestar.org/FinDocuments/2017/640/874/2017-640874131-0f499004-Z.pdf,"$12,808 ","$12,808 ",,"$12,808 ",,,,"$70,960 ","$70,960 ",,"$64,111 ",,"$4,290 ",,,$0 ,,,"$71,817 ",,,,,,,,,,,,$213 ,,,,,,,
100 Concerned Clergy for A Better Jackson Inc,64-0921985,,,2000,,,1508 Wingfield Dr,,Jackson,MS,Hinds,39204,,,501(c)(3) Public Charity,Family services,,,P40 (Family Services),624190,8322,,,,,http://www.guidestar.org/profile/64-0921985,http://www.guidestar.org/FinDocuments/2009/640/921/2009-640921985-0683365d-Z.pdf,,,,,,,,,,,,,,,,,,,,,,,,,,,,,,,,,,,,,,
1-124Th Infantry Officers Mess Fund,65-0146401,,,1990,,,700 NW 28th St,,Miami,FL,Miami-Dade,33127,,,501(c)(19) (Post or Organizations of War Veterans),Education,,,B99 (Education N.E.C.),611,,,,,,http://www.guidestar.org/profile/65-0146401,,,,,,,,,,,,,,,,,,,,,,,,,,,,,,,,,,,,,,,
100 Black Men of Broward County Inc,65-0204687,,,1994,,,201 W Sunrise Blvd Ste 2,,Fort Lauderdale,FL,Broward,33311,,,501(c)(3) Private Nonoperating Foundation,Community service,,,S82 (Men's Service Clubs),813410,8641,8699,,,,http://www.guidestar.org/profile/65-0204687,http://www.guidestar.org/FinDocuments/2001/650/204/2001-650204687-1-Z.pdf,,,,,,,,,,,,,,,,,,,,,,,,,,,,,,,,,,,,,,
101St Airborne Division Vietnam Veterans,65-0564033,,,2013,,,3570 Green View Pkwy,,Sumter,SC,Sumter,29150,,,501(c)(19) (Post or Organizations of War Veterans),Special population support,,,W30 (Military/Veterans' Organizations),813410,8641,8699,,,,http://www.guidestar.org/profile/65-0564033,,,,,,,,,,,,,,,,,,,,,,,,,,,,,,,,,,,,,,,
100 Arline Community Development Inc,65-0959784,,,2005,,,17650 NW 40th Ave,,Miami Gardens,FL,Miami-Dade,33055,,,501(c)(3) Private Nonoperating Foundation,Human services,,,P99 (Human Services - Multipurpose and Other N.E.C.),624190,8322,,,,,http://www.guidestar.org/profile/65-0959784,,,,,,,,,,,,,,,,,,,,,,,,,,,,,,,,,,,,,,,
100 PEOPLE FOUNDATION INC,65-1233937,7/1/2018,6/30/2019,2005,2018,990,602 6th St,,Brooklyn,NY,Kings,11215,(212) 252-8402,100people.org,501(c)(3) Public Charity,Education,Population studies,Film and video,"A31 (Film, Video)",512110,7812,,N,N,RAYMOND TSE CPA PC,http://www.guidestar.org/profile/65-1233937,http://www.guidestar.org/FinDocuments/2019/651/233/2019-651233937-112614b5-9.pdf,$159 ,$158 ,$0 ,$159 ,,,$159 ,$2 ,$2 ,$0 ,$2 ,,$0 ,$0 ,$0 ,$0 ,$0 ,,$764 ,$688 ,$76 ,$0 ,$0 ,$0 ,$38 ,$545 ,$0 ,$0 ,$0 ,$0 ,,$0 ,,Carolyn Jones ,Lisa Frank ,,yoojin@100people.org,0
1 Love Sato Adoptions Inc,66-0944027,,,2020,,,642 GOLFO DE ALASKA LOS CORALES 1,,DORADO,PR,Dorado,00646,,,501(c)(3) Public Charity,Animal welfare,,,D20 (Animal Protection and Welfare (includes Humane Societies and SPCAs)),813312,8399,8699,,,,http://www.guidestar.org/profile/66-0944027,,,,,,,,,,,,,,,,,,,,,,,,,,,,,,,,,,,,,,,
100 Miler Club,68-0061853,,,1985,,,PO Box 1615,,San Andreas,CA,Calaveras,95249,,,501(c)(3) Private Nonoperating Foundation,Education,,,B99 (Education N.E.C.),611,,,,,,http://www.guidestar.org/profile/68-0061853,http://www.guidestar.org/FinDocuments/2006/680/061/2006-680061853-02c412d1-F.pdf,,,,,,,,,,,,,,,,,,,,,,,,,,,,,,,,,,,,,,
100 Black Men of Sonoma Inc,68-0216232,1/1/2015,12/31/2015,1995,2015,990EZ,PO Box 1756,,Rohnert Park,CA,Sonoma,94927,707-571-1143,100BLACKMEN.COM,501(c)(3) Public Charity,Community service,,,Z99 (Unknown),,,,,,PISENTI & BRINKER LLP,http://www.guidestar.org/profile/68-0216232,http://www.guidestar.org/FinDocuments/2015/680/216/2015-680216232-0d5c2adc-Z.pdf,"$154,894 ","$66,039 ",,"$154,894 ",,,,"$5,731 ","$5,731 ",,"$3,482 ",,,,,$0 ,,,"$17,423 ",,,,,,,,,,,,$130 ,,,,,,,
100% College Prep,68-0600675,7/1/2017,6/30/2018,2006,2017,990,1201 Mendell St,,San Francisco,CA,San Francisco,94124,(415) 550-9455,www.100collegeprep.org,501(c)(3) Public Charity,Youth organizing,Elementary and secondary education,Higher education,O50 (Youth Development Programs),813410,8641,8699,N,N,GRANT & SMITH LLP,http://www.guidestar.org/profile/68-0600675,http://www.guidestar.org/FinDocuments/2017/680/600/2017-680600675-0fb29d89-9.pdf,"$343,597 ","$1,560 ",$0 ,"$323,697 ","$18,333 ",,"$305,364 ","$488,621 ","$488,621 ",$0 ,"$485,215 ","$221,215 ",$0 ,$0 ,$0 ,"$19,900 ","$10,605 ",,"$453,253 ","$406,451 ","$42,216 ","$4,586 ",$0 ,$0 ,$0 ,"$2,935 ",$0 ,$0 ,$0 ,$0 ,,$0 ,DIANE GRAY,Diane Gray ,Diane Gray ,Executive Director,info@100collegeprep.org,15
100-Proof Inc,71-0798865,,,1998,,,PO Box 119,,Morrilton,AR,Conway,72110,,,501(c)(3) Public Charity,Addiction services,,,"F20 (Alcohol, Drug and Substance Abuse, Dependency Prevention and Treatment)",621420,8093,,,,,http://www.guidestar.org/profile/71-0798865,,,,,,,,,,,,,,,,,,,,,,,,,,,,,,,,,,,,,,,
100 Club of Lafayette Inc,72-0923675,,,1982,,,1006 Coolidge Blvd,,Lafayette,LA,Lafayette,70503,,,501(c)(3) Public Charity,Education,,,B99 (Education N.E.C.),611,,,,,,http://www.guidestar.org/profile/72-0923675,,,,,,,,,,,,,,,,,,,,,,,,,,,,,,,,,,,,,,,
100 Black Men of Metropolitian Baton Rouge,72-1235682,7/1/2018,6/30/2019,1995,2018,990,2050 N FOSTER DR,,BATON ROUGE,LA,East Baton Rouge,70806,225-356-9444,www.100blackmenbr.org,501(c)(3) Public Charity,Community service,,,S82 (Men's Service Clubs),813410,8641,8699,N,,NEIL G FERRARI CPA,http://www.guidestar.org/profile/72-1235682,http://www.guidestar.org/FinDocuments/2018/721/235/2018-721235682-105d4a36-9.pdf,"$606,419 ","$328,011 ","$111,516 ","$579,509 ","$77,599 ",,"$501,910 ","$531,170 ","$647,624 ","$11,014 ","$343,098 ",$0 ,"$16,287 ",,"$156,255 ","$26,910 ",$0 ,,"$501,562 ","$334,050 ","$120,537 ","$46,975 ","$26,711 ","$8,444 ",$0 ,$650 ,$0 ,"$4,064 ",$0 ,$0 ,,$0 ,FRED SIBLEY,,,,,4
100 Black Men of Metro New Orleans Inc.,72-1240372,1/1/2018,12/31/2018,1996,2018,990,PO Box 871522,,New Orleans,LA,Orleans,70187,(504) 208-9337,http://www.100blackmennola.org,501(c)(3) Public Charity,Leadership development,Urban development,Youth organizing,O50 (Youth Development Programs),813410,8641,8699,N,,BILAL TAX AND ACCOUNTING SERVICES LLC,http://www.guidestar.org/profile/72-1240372,http://www.guidestar.org/FinDocuments/2017/721/240/2017-721240372-104821f8-9.pdf,"$416,921 ","$410,376 ",,"$174,872 ","$12,339 ",,"$162,533 ","$255,045 ","$281,818 ",$539 ,"$254,180 ","$8,140 ","($14,674)",,,"$242,049 ",$0 ,,"$185,040 ","$51,604 ","$133,436 ",$0 ,$800 ,"$30,695 ",,"$7,228 ",,,$810 ,,,,JONATHAN WILSON,Mr. James Logan ,Mr. Michael Wallace ,Board Treasurer,mwallace@100blackmennola.org,2
1-12 Club,72-1272225,,,1995,,,PO Box 64724,,Baton Rouge,LA,East Baton Rouge,70896,,,501(c)(3) Public Charity,Substance abuse treatment,,,"F22 (Alcohol, Drug Abuse (Treatment Only))",623220,8361,,,,,http://www.guidestar.org/profile/72-1272225,,,,,,,,,,,,,,,,,,,,,,,,,,,,,,,,,,,,,,,
0N Giant Shoulders Inc,72-1277965,,,2000,,,7232 E Tamaron Blvd,,New Orleans,LA,Orleans,70128,,,501(c)(3) Public Charity,Education,,,B99 (Education N.E.C.),611,,,,,,http://www.guidestar.org/profile/72-1277965,http://www.guidestar.org/FinDocuments/2011/721/277/2011-721277965-08bd2719-Z.pdf,,,,,,,,,,,,,,,,,,,,,,,,,,,,,,,,,,,,,,
100 Blackmen of St Mary Inc,72-1301797,9/1/2017,8/31/2018,1996,2018,990EZ,PO Box 43,,Morgan City,LA,Saint Mary,70381,,,501(c)(3) Public Charity,Immigrant services,,,P84 (Ethnic/Immigrant Services),624190,8322,,,Y,,http://www.guidestar.org/profile/72-1301797,http://www.guidestar.org/FinDocuments/2018/721/301/2018-721301797-10fc41a1-Z.pdf,"$175,000 ","$100,000 ",,"$175,000 ",,,,"$9,810 ",,$10 ,"$3,100 ",,"$6,700 ",,,,,,"$6,525 ",,,,,,,,,,,,$500 ,,,,,,,
105 Committee Inc,72-1356347,,,1998,,,904 W Coleman Ave,,Hammond,LA,Tangipahoa,70403,,,501(c)(3) Public Charity,Education services,,,B90 (Educational Services and Schools - Other),611710,8299,8748,,,,http://www.guidestar.org/profile/72-1356347,,,,,,,,,,,,,,,,,,,,,,,,,,,,,,,,,,,,,,,
100 Black Men of East Feliciana Parish,72-1509143,1/1/2016,12/31/2016,2014,2016,990EZ,7733 Highway 67,,Clinton,LA,East Feliciana,70722,,,501(c)(3) Public Charity,Adult and child mentoring,,,"O30 (Adult, Child Matching Programs)",624110,8322,,,,"G A G S ,INC",http://www.guidestar.org/profile/72-1509143,http://www.guidestar.org/FinDocuments/2016/721/509/2016-721509143-0eeff57d-Z.pdf,"$4,727 ","$4,727 ",,"$4,727 ",,,,"$7,225 ","$7,225 ",,"$7,225 ",,$0 ,$0 ,,,,,"$4,949 ",,,,,,,,,,,,,,,,,,,
100 Black Men of Central Illinois Inc,72-1565699,,,2004,,,2103 Clearwater Ave,,Bloomington,IL,McLean,61704,,,501(c)(3) Public Charity,Education,,,B99 (Education N.E.C.),611,,,,,,http://www.guidestar.org/profile/72-1565699,http://www.guidestar.org/FinDocuments/2011/721/565/2011-721565699-087e3b2a-Z.pdf,,,,,,,,,,,,,,,,,,,,,,,,,,,,,,,,,,,,,,
10-33 Emergency C B Team,73-1058822,1/1/2018,12/31/2018,1983,2018,990EZ,PO Box 815,,Nowata,OK,Nowata,74048,918-273-1033,N/A,501(c)(3) Public Charity,Emergency medical services,,,E62 (Ambulance/Emergency Transport),621910,4119,4522,,,DOUGLAS SPEIR CPA,http://www.guidestar.org/profile/73-1058822,http://www.guidestar.org/FinDocuments/2017/731/058/2017-731058822-1034b09e-Z.pdf,"$243,922 ","$48,086 ",,"$243,922 ",,,,"$12,038 ","$12,038 ",$228 ,"$11,810 ",,$0 ,$0 ,$0 ,,,,"$13,867 ",,,,,,,,,,,,,,,,,,,
101 Classic Bowl Foundation,73-1344046,1/1/2019,12/31/2019,2014,2019,990EZ,2728 Williams Ave Rm R,,Woodward,OK,Woodward,73801,580-256-4101,N/A,501(c)(3) Public Charity,Education,,,"B82 (Scholarships, Student Financial Aid, Awards)",813410,8641,8699,,,Webb Shackle,http://www.guidestar.org/profile/73-1344046,http://www.guidestar.org/FinDocuments/2018/731/344/2018-731344046-10943ea7-Z.pdf,"$76,863 ","$9,896 ",,"$68,077 ",,,,"$49,685 ","$128,692 ",,"$50,595 ",,($925),,,"$8,786 ",,,"$40,950 ",,,,,,,,,,,,"$19,652 ",,,,,,,
1 Liquid House DBA Happy Crew,73-1627224,1/1/2018,12/31/2018,2003,2018,990EZ,6668 Lynx Cv,,Lone Tree,CO,Douglas,80124,(303) 916-1515,http://www.thehappycrew.org,501(c)(3) Public Charity,Mental health care,Leadership development,Arts education,O50 (Youth Development Programs),813410,8641,8699,,N,BRASHIER CONSULTING INC,http://www.guidestar.org/profile/73-1627224,http://www.guidestar.org/FinDocuments/2018/731/627/2018-731627224-11379a29-Z.pdf,"$31,457 ","$31,457 ",,"$29,449 ",,,,"$22,998 ","$22,998 ",,"$22,998 ",,,,,"$2,008 ",,,"$6,467 ",,,,,,,,,,,,,,,,Amy Mays ,,amy@thehappycrew.org,
1 City International,73-1726479,1/1/2018,12/31/2018,2005,2018,990EZ,62 Summerhaven Lk,,Kearney,NE,Buffalo,68847,308-325-5426,N/A,501(c)(3) Public Charity,Human services,,,P20 (Human Service Organizations),624190,8322,,,,KSO CPA'S PC,http://www.guidestar.org/profile/73-1726479,http://www.guidestar.org/FinDocuments/2018/731/726/2018-731726479-10a61be3-Z.pdf,"$24,818 ","$19,527 ",,"$24,818 ",,,,"$12,408 ","$12,408 ",,"$12,408 ",,,,,$0 ,,,"$5,684 ",,,,,,,,,,,,,,,,,,,
100 Club of Wharton County Inc,74-2007539,1/1/2018,12/31/2018,1980,2018,990EZ,PO Box 46,,El Campo,TX,Wharton,77437,979-543-1040,WWW.100CLUBWC.ORG,501(c)(3) Public Charity,Public safety,,,I11 (Single Organization Support),813219,8399,,,,BRIGGS & VESELKA CO,http://www.guidestar.org/profile/74-2007539,http://www.guidestar.org/FinDocuments/2018/742/007/2018-742007539-112db600-Z.pdf,"$404,555 ","$404,494 ",,"$404,555 ",,,,"$78,133 ","$79,864 ","$3,976 ","$55,843 ",,"$18,314 ",,,$0 ,,,"$68,555 ",,,,,,,,,,,,$994 ,,,,,,,
100 South Padre Property Owners Association,74-2242069,,,2012,,,615 S Upper Broadway St,,Corpus Christi,TX,Nueces,78401,,,"501(c)(6) (Business Leagues, etc.)",Housing development,,,"L50 (Housing Owners, Renters Organizations)",813990,6531,8641,,,,http://www.guidestar.org/profile/74-2242069,,,,,,,,,,,,,,,,,,,,,,,,,,,,,,,,,,,,,,,
100 Club of Kendall County,74-2311530,,,1985,,,521 Schweppe,,Boerne,TX,Kendall,78006,(210) 643-2463,https://www.facebook.com/100-Club-of-Kendall-County-326562528527/,501(c)(3) Public Charity,Unknown or not classified,,,Z99 (Unknown),,,,,,,http://www.guidestar.org/profile/74-2311530,,,,,,,,,,,,,,,,,,,,,,,,,,,,,,,,,,,Chief James Kohler ,Mr James Shannon ,Treasurer,jtshannoniii@yahoo.com,
100 Black Men of Austin and Central Texas Incorporated,74-2721085,,,1995,,,PO Box 202017,,Austin,TX,Travis,78720,,,501(c)(3) Public Charity,Employment,,,J19 (Nonmonetary Support N.E.C.),813219,8399,,,,,http://www.guidestar.org/profile/74-2721085,,,,,,,,,,,,,,,,,,,,,,,,,,,,,,,,,,,,,,,
04Arts Foundation,74-2730665,1/1/2018,12/31/2018,2003,2018,990PF,PO Box 831253,,San Antonio,TX,Bexar,78283,210-227-6960,,501(c)(3) Private Operating Foundation,Foundations,,,T23 (Private Operating Foundations),813211,6732,,,,,http://www.guidestar.org/profile/74-2730665,http://www.guidestar.org/FinDocuments/2018/742/730/2018-742730665-1147df48-F.pdf,"$31,886 ","$31,886 ",,"$31,886 ",,,,"$25,080 ","$25,280 ",$0 ,$975 ,,,,,$0 ,,,"$25,992 ",,,,"$1,750 ",,,,,,,,,,,,,,,
100 Club of Aransas County,74-2739539,,,1995,,,PO Box 727,,Fulton,TX,Aransas,78358,,,501(c)(3) Public Charity,Foundations,,,T30 (Public Foundations),813211,6732,,,,,http://www.guidestar.org/profile/74-2739539,,,,,,,,,,,,,,,,,,,,,,,,,,,,,,,,,,,,,,,
.SONLIGHT CHAPEL FULL GOSPEL CHURCH,74-2772139,,,1964,,,PO Box 1330,,Center Point,TX,Kerr,78010,(830) 634-3444,www.sonlightchapelhome.com,501(c)(3) Public Charity,Education,Christianity,Homeless shelters,L41 (Temporary Shelter For the Homeless),624221,8322,,,,,http://www.guidestar.org/profile/74-2772139,,,,,,,,,,,,,,,,,,,,,,,,,,,,,,,,,,,MR Mich P Fiedler ,Mr. Michael Fiedler ,Pastor,msftex@gmail.com,
"100 Black Men of San Antonio, Inc.",74-2924578,,,2014,,,PO Box 40284,,San Antonio,TX,Bexar,78229,(210) 473-1507,www.100blackmenofsanantonio.org,501(c)(3) Public Charity,Youth services,Adult and child mentoring,,"O30 (Adult, Child Matching Programs)",624110,8322,,,,,http://www.guidestar.org/profile/74-2924578,,,,,,,,,,,,,,,,,,,,,,,,,,,,,,,,,,,Dr. Milton Harris Sr.,Dr. Milton Harris Sr.,Executive Director,execd@100blackmenofsanantonio.org,
1 Soy Inc,74-3105768,,,0,,,3337 Emerald Ln,,Jefferson City,MO,Cole,65109,,,521(a) (Farmers Cooperative),Education,,,,,,,,,,http://www.guidestar.org/profile/74-3105768,,,,,,,,,,,,,,,,,,,,,,,,,,,,,,,,,,,,,,,
1000 Mothers To Prevent Violence,74-3191786,,,2011,,,12784 Highway 24 E,,Centreville,MS,Wilkinson,39631,,,501(c)(3) Public Charity,Mental health counseling,,,F60 (Counseling Support Groups),621498,8093,,,,,http://www.guidestar.org/profile/74-3191786,,,,,,,,,,,,,,,,,,,,,,,,,,,,,,,,,,,,,,,
081 Reed Employees Benefit Fund,74-6001329,,,1931,,,PO Box 2119,,Houston,TX,Harris,77252,,,501(c)(9) (Employees Associations),Organized labor,,,J40 (Labor Unions/Organizations),813930,8631,,,,,http://www.guidestar.org/profile/74-6001329,,,,,,,,,,,,,,,,,,,,,,,,,,,,,,,,,,,,,,,
101St Airborne Division Association Inc,75-1094916,10/1/2018,9/30/2019,1988,2018,990,PO Box 929,,Fort Campbell,KY,Christian,42223,931-431-0199,WWW.SCREAMINGEAGLE.ORG,501(c)(19) (Post or Organizations of War Veterans),Historical activities,,,W30 (Military/Veterans' Organizations),813410,8641,8699,N,,DUGUID GENTRY & ASSOCIATES PSC,http://www.guidestar.org/profile/75-1094916,http://www.guidestar.org/FinDocuments/2018/751/094/2018-751094916-10581305-9O.pdf,"$1,586,764 ","$44,919 ","$1,465,659 ","$1,583,229 ","$68,057 ","$1,150,443 ","$364,729 ","$488,527 ","$536,442 ","$195,945 ","$94,129 ",,"$14,848 ","$15,914 ",,"$3,535 ",$0 ,,"$340,744 ","$19,260 ","$321,484 ",$0 ,"$11,500 ",,,$664 ,,,,,,,JOHN THOMPSON,,,,,4
100 D I D Inc,75-1213083,6/1/2013,5/31/2014,1966,2013,990,127 Armstrong Ave,,Dumas,TX,Moore,79029,806-935-2330,,"501(c)(6) (Business Leagues, etc.)",Community and economic development,,,S01 (Alliance/Advocacy Organizations),813319,8399,8641,,,"Barry Harp, CPA, PC",http://www.guidestar.org/profile/75-1213083,http://www.guidestar.org/FinDocuments/2014/751/213/2014-751213083-0b4bc875-9O.pdf,$0 ,,,$0 ,,,,$0 ,$0 ,,,,,,,$0 ,$0 ,,$0 ,$0 ,$0 ,$0 ,,,,,,,,,,,E JORDAN MILLS,,,,,
100 Of Dallas Inc,75-2343889,,,1990,,,PO Box 132142,,Dallas,TX,Dallas,75313,,,501(c)(3) Public Charity,Youth services,,,P30 (Children's and Youth Services),624110,8322,,,,,http://www.guidestar.org/profile/75-2343889,http://www.guidestar.org/FinDocuments/2000/752/343/2000-752343889-1-Z.pdf,,,,,,,,,,,,,,,,,,,,,,,,,,,,,,,,,,,,,,
100 Black Men of West Texas Inc,75-2542434,,,1996,,,PO Box 6331,,Lubbock,TX,Lubbock,79493,,,501(c)(3) Public Charity,Community service,,,B90 (Educational Services and Schools - Other),611710,8299,8748,,,,http://www.guidestar.org/profile/75-2542434,,,,,,,,,,,,,,,,,,,,,,,,,,,,,,,,,,,,,,,
1 A Chord,75-2612912,,,1994,,,PO Box 83,,Gainesville,TX,Cooke,76241,,,501(c)(3) Public Charity,Education,,,B99 (Education N.E.C.),611,,,,,,http://www.guidestar.org/profile/75-2612912,,,,,,,,,,,,,,,,,,,,,,,,,,,,,,,,,,,,,,,
101 Veterans Inc,75-2772333,1/1/2009,12/31/2009,1999,2009,990,2255 5th Ave Apt 12f,,New York,NY,New York,10037,512-554-6635,,501(c)(3) Public Charity,"Agriculture, fishing and forestry",,,Q31 (International Agricultural Development),813311,8399,,N,,Brown Graham and Company PC,http://www.guidestar.org/profile/75-2772333,http://www.guidestar.org/FinDocuments/2009/752/772/2009-752772333-0660099f-9.pdf,"$37,047 ","$37,047 ",,"$37,047 ",,,,"$350,022 ","$350,022 ",$22 ,"$350,000 ",,,,,$0 ,$0 ,,"$313,658 ","$313,158 ",$500 ,$0 ,$500 ,,,,,,,,,,DENNIS KLEIN,,,,,0
100 Fold Ministries,75-2810462,,,1964,,,27758 N 129TH LN,,PEORIA,AZ,Maricopa,85383,,,501(c)(3) Public Charity,Christianity,,,X20 (Christian),813110,8661,,,,,http://www.guidestar.org/profile/75-2810462,,,,,,,,,,,,,,,,,,,,,,,,,,,,,,,,,,,,,,,
1030 Excutive Building Inc,75-2833442,,,2000,,,500 Three Galleria Twr 13155 Noel   % Invesco Inc,,Dallas,TX,Dallas,75240,,,"501(c)(25) (Title Holding Corporations for Multiple Organizations (Pensions, etc.))",Real estate,,,S47 (Real Estate Organizations),531390,6531,,,,,http://www.guidestar.org/profile/75-2833442,http://www.guidestar.org/FinDocuments/2004/752/833/2004-752833442-01fb0bf6-9.pdf,,,,,,,,,,,,,,,,,,,,,,,,,,,,,,,,,,,,,,
0352 Western Plateau Elementary,75-6061738,,,2016,,,4927 Shawnee Trl,,Amarillo,TX,Randall,79109,,,501(c)(3) Public Charity,Parent-teacher involvement,,,B94 (Parent Teacher Group),813410,8641,8699,,,,http://www.guidestar.org/profile/75-6061738,http://www.guidestar.org/FinDocuments/2010/756/061/2010-756061738-063ee30d-Z.pdf,,,,,,,,,,,,,,,,,,,,,,,,,,,,,,,,,,,,,,
102 Area Jumpstart,76-0280082,,,2001,,,PO Box 88125,,Houston,TX,Harris,77288,,,501(c)(3) Public Charity,Camps,,,"N20 (Recreational and Sporting Camps (Day, Overnight, etc.))",624110,8322,,,,,http://www.guidestar.org/profile/76-0280082,http://www.guidestar.org/FinDocuments/2008/760/280/2008-760280082-0682711d-Z.pdf,,,,,,,,,,,,,,,,,,,,,,,,,,,,,,,,,,,,,,
100 Black Men of Metropolitan Houston Inc,76-0439305,1/1/2018,12/31/2018,1995,2018,990,PO Box 604,,Bellaire,TX,Harris,77402,,100BLACKMENHOU.ORG,501(c)(3) Public Charity,Community service,,,"R99 (Civil Rights, Social Action, and Advocacy N.E.C.)",813311,8399,,N,,WHITE ORUGBOH ASSOCIATES,http://www.guidestar.org/profile/76-0439305,http://www.guidestar.org/FinDocuments/2017/760/439/2017-760439305-102bfaa0-9.pdf,"$79,077 ","$79,077 ",,"$79,077 ",,,"$79,077 ","$180,719 ","$180,719 ",,"$180,719 ",,,,,$0 ,$0 ,,"$206,396 ","$24,054 ","$97,126 ","$85,216 ","$2,423 ","$3,423 ",,$352 ,,,,,,,,,,,,0
1000 Friends of Fresno,77-0357472,,,1996,,,4781 E Gettysburg Ave,,Fresno,CA,Fresno,93726,,,501(c)(3) Public Charity,Environment,,,C01 (Alliance/Advocacy Organizations),813319,8399,8641,,,,http://www.guidestar.org/profile/77-0357472,,,,,,,,,,,,,,,,,,,,,,,,,,,,,,,,,,,,,,,
100 Black Men of Silicon Valley Inc,77-0371690,1/1/2008,12/31/2008,2016,2008,990EZ,1101 S Winchester Blvd Ste H189,,San Jose,CA,Santa Clara,95128,408-674-1447,WWW.100BMSV.ORG,501(c)(3) Public Charity,Community service,,,T50 (Philanthropy / Charity / Voluntarism Promotion (General)),813219,8399,,,,JEROME A BELLOTTI & ASSOCIATES,http://www.guidestar.org/profile/77-0371690,http://www.guidestar.org/FinDocuments/2015/770/371/2015-770371690-0c9da374-Z.pdf,"$36,228 ","$36,228 ",,"$36,228 ",,,,"$10,390 ","$136,345 ",,"$70,115 ",,"($59,745)",,,$0 ,,,"$57,108 ",,,,,,,,,,,,"$2,084 ",,,,,,,
1000 Days To Success School Network,77-0492520,,,1998,,,5092 Durban Ct,,San Jose,CA,Santa Clara,95138,,,501(c)(3) Public Charity,Education services,,,B90 (Educational Services and Schools - Other),611710,8299,8748,,,,http://www.guidestar.org/profile/77-0492520,http://www.guidestar.org/FinDocuments/2010/770/492/2010-770492520-08f925f6-Z.pdf,,,,,,,,,,,,,,,,,,,,,,,,,,,,,,,,,,,,,,
100 Women for Harvey,80-0076297,,,2004,,,PO Box 2327,,Harvey,IL,Cook,60426,,,501(c)(3) Public Charity,Education,,,B99 (Education N.E.C.),611,,,,,,http://www.guidestar.org/profile/80-0076297,http://www.guidestar.org/FinDocuments/2006/800/076/2006-800076297-04087bca-Z.pdf,,,,,,,,,,,,,,,,,,,,,,,,,,,,,,,,,,,,,,
10509 Chapman Memorial Ladies Aux,80-0190880,,,2009,,,222 S Marshall St,,Chapman,KS,Dickinson,67431,,,501(c)(19) (Post or Organizations of War Veterans),Special population support,,,W30 (Military/Veterans' Organizations),813410,8641,8699,,,,http://www.guidestar.org/profile/80-0190880,,,,,,,,,,,,,,,,,,,,,,,,,,,,,,,,,,,,,,,
10 Initiative Fdn Inc,80-0252672,,,2009,,,1120 Chester Ave Apt 405,,Cleveland,OH,Cuyahoga,44114,,,501(c)(3) Public Charity,Education,,,B12 (Fund Raising and/or Fund Distribution),813219,8399,,,,,http://www.guidestar.org/profile/80-0252672,,,,,,,,,,,,,,,,,,,,,,,,,,,,,,,,,,,,,,,
1000 Plus Club To Benefit Cancer Inc,80-0364095,6/1/2018,5/31/2019,2009,2018,990,6278 N Federal Hwy Ste 150,,Fort Lauderdale,FL,Broward,33308,954-815-2647,WWW.1000PLUSCLUB.ORG,501(c)(3) Public Charity,Diseases and conditions,,,G11 (Single Organization Support),813219,8399,,,,DIANE M MINCH CPA PA,http://www.guidestar.org/profile/80-0364095,http://www.guidestar.org/FinDocuments/2019/800/364/2019-800364095-16995154-9.pdf,"$82,262 ","$82,262 ",,"$82,262 ",,,"$82,262 ","$100,020 ","$100,020 ",$11 ,"$67,088 ",,"$32,869 ",,,$0 ,$0 ,,"$84,072 ","$65,034 ","$6,763 ","$12,275 ","$3,200 ",,$720 ,$628 ,,,$224 ,,,,KATHLEEN THOMSEN,,,,,0
105150 West Branch,80-0408671,,,1940,,,4965 Clark Rd,,Prescott,MI,Ogemaw,48756,,,501(c)(4) (Civic Leagues and Social Welfare Organizations),Community service,,,"S80 (Community Service Clubs (Kiwanis, Lions, Jaycees, etc.))",813410,8641,8699,,,,http://www.guidestar.org/profile/80-0408671,,,,,,,,,,,,,,,,,,,,,,,,,,,,,,,,,,,,,,,
100 Man Project Inc,80-0606189,7/1/2018,6/30/2019,2014,2018,990EZ,PO Box 83,,Liberty,NC,Randolph,27298,336-622-2731,,501(c)(3) Public Charity,Human services,,,P99 (Human Services - Multipurpose and Other N.E.C.),624190,8322,,,,DOUGLAS J CLARK CPA,http://www.guidestar.org/profile/80-0606189,http://www.guidestar.org/FinDocuments/2019/800/606/2019-800606189-16987136-Z.pdf,"$82,506 ","$20,044 ",,"$82,506 ",,,,"$16,276 ","$16,276 ",,"$16,276 ",,,,,$0 ,,,"$11,109 ",,,,,,,,,,,,,,,,,,,
101St Lifeliner Association,80-0649318,,,2020,,,PO Box 31051,,Clarksville,TN,Montgomery,37040,,,501(c)(3) Private Nonoperating Foundation,Historical activities,,,A80 (Historical Societies and Related Activities),712120,8412,,,,,http://www.guidestar.org/profile/80-0649318,http://www.guidestar.org/FinDocuments/2012/800/649/2012-800649318-09531e1b-Z.pdf,,,,,,,,,,,,,,,,,,,,,,,,,,,,,,,,,,,,,,
1000 People Who Care Wilmington NC Inc,80-0738046,,,2011,,,PO Box 1434,,Wilmington,NC,New Hanover,28402,,,501(c)(3) Public Charity,Natural resources,,,C30 (Natural Resource Conservation and Protection),813312,8399,8699,,,,http://www.guidestar.org/profile/80-0738046,,,,,,,,,,,,,,,,,,,,,,,,,,,,,,,,,,,,,,,
10 21 Foundation,81-0651633,,,2004,,,1 Westminster Pl,,Lake Forest,IL,Lake,60045,,,501(c)(3) Private Nonoperating Foundation,Foundations,,,T20 (Private Grantmaking Foundations),813211,6732,,,,,http://www.guidestar.org/profile/81-0651633,http://www.guidestar.org/FinDocuments/2007/810/651/2007-810651633-042d2eb2-F.pdf,,,,,,,,,,,,,,,,,,,,,,,,,,,,,,,,,,,,,,
1 Family Inc,81-0674601,,,2011,,,63 Stoneycrest Dr Apt 39,,Middletown,CT,Middlesex,06457,,,501(c)(3) Public Charity,Education services,,,B90 (Educational Services and Schools - Other),611710,8299,8748,,,,http://www.guidestar.org/profile/81-0674601,,,,,,,,,,,,,,,,,,,,,,,,,,,,,,,,,,,,,,,
1 Dollar Club,81-0697890,,,2016,,,627 Missouri Ave Ste 302,,Sullivan,MO,Franklin,63080,,,501(c)(3) Public Charity,Human services,,,P12 (Fund Raising and/or Fund Distribution),813219,8399,,,,,http://www.guidestar.org/profile/81-0697890,,,,,,,,,,,,,,,,,,,,,,,,,,,,,,,,,,,,,,,
101 Gardens,81-0707631,1/1/2018,12/31/2018,2016,2018,990,PO Box 221831,,Charlotte,NC,Mecklenburg,28222,704-313-8118,http://www.100gardens.org,501(c)(3) Public Charity,Botanical gardens,,,"C41 (Botanical Gardens, Arboreta and Botanical Organizations)",712130,8422,,N,,,http://www.guidestar.org/profile/81-0707631,http://www.guidestar.org/FinDocuments/2018/810/707/2018-810707631-17098782-9.pdf,"$70,995 ","$69,656 ",,"$21,791 ","$1,528 ",$0 ,"$20,263 ","$97,613 ","$102,049 ",,"$24,493 ",$0 ,"$5,275 ",$0 ,"$65,433 ","$49,204 ",$0 ,,"$128,822 ","$63,056 ","$57,744 ","$8,022 ",$75 ,"$2,550 ",$739 ,"$2,810 ",,,$600 ,,,,Britt Weaver,,Sam Fleming ,Executive Director,sam.fleming@100gardens.org,1
100 Club of Colorado,81-0753123,,,2015,,,4730 Rusina Rd,,Colorado Springs,CO,El Paso,80907,,,501(c)(3) Public Charity,Public safety,,,"M99 (Other Public Safety, Disaster Preparedness, and Relief N.E.C.)",624230,8322,,,,,http://www.guidestar.org/profile/81-0753123,,,,,,,,,,,,,,,,,,,,,,,,,,,,,,,,,,,,,,,
100 Ways Inc,81-0784213,1/1/2019,12/31/2019,2016,2019,990EZ,8358 Sanctuary Ln Fl 32034,,Fernandina Beach,FL,Nassau,32034,904-261-3130,N/A,501(c)(3) Public Charity,Human services,,,"P28 (Neighborhood Center, Settlement House)",624190,8322,,,,RHODES YOUNG BLACK & DUNCAN LLC,http://www.guidestar.org/profile/81-0784213,http://www.guidestar.org/FinDocuments/2017/810/784/2017-810784213-0f49a6aa-Z.pdf,"$23,534 ","$23,534 ",,"$23,534 ",,,,"$1,087 ","$1,087 ",,"$1,087 ",,,,,,,,"$1,542 ",,,,,,,,,,,,,,,,,,,
10 Strong Okc,81-0961067,,,2016,,,16113 Pointe Oak Cir,,Edmond,OK,Oklahoma,73013,,,501(c)(3) Public Charity,Medical support services,,,E60 (Health Support Services),621999,8099,,,,,http://www.guidestar.org/profile/81-0961067,,,,,,,,,,,,,,,,,,,,,,,,,,,,,,,,,,,,,,,
10-42 Corporation,81-0971647,,,2016,,,16048 NW 208th Way,,High Springs,FL,Alachua,32643,,,501(c)(3) Public Charity,Police agencies,,,I60 (Law Enforcement Agencies (Police Departments)),541199,7389,,,,,http://www.guidestar.org/profile/81-0971647,,,,,,,,,,,,,,,,,,,,,,,,,,,,,,,,,,,,,,,
1-26 Foundation Inc,81-1113359,,,2016,,,954 CIMARRON TER,,ESCONDIDO,CA,San Diego,92029,,,501(c)(3) Public Charity,Camps,,,"N20 (Recreational and Sporting Camps (Day, Overnight, etc.))",624110,8322,,,,,http://www.guidestar.org/profile/81-1113359,,,,,,,,,,,,,,,,,,,,,,,,,,,,,,,,,,,,,,,
10 Blessings Inspiration,81-1133488,,,2016,,,10809 Tippett Rd,,Clinton,MD,Prince Georges,20735,,,501(c)(3) Public Charity,Health,,,E99 (Health - General and Rehabilitative N.E.C.),621999,8099,,,,,http://www.guidestar.org/profile/81-1133488,,,,,,,,,,,,,,,,,,,,,,,,,,,,,,,,,,,,,,,
101 Women Inc,81-1136959,,,2016,,,PO Box 1412,,Sandpoint,ID,Bonner,83864,,,501(c)(3) Public Charity,Community and economic development,,,S12 (Fund Raising and/or Fund Distribution),813219,8399,,,,,http://www.guidestar.org/profile/81-1136959,,,,,,,,,,,,,,,,,,,,,,,,,,,,,,,,,,,,,,,
100 Hearts,81-1168016,,,2016,,,767 Robert Dr,,Moville,IA,Woodbury,51039,,,501(c)(3) Public Charity,Philanthropy,,,T12 (Fund Raising and/or Fund Distribution),813219,8399,,,,,http://www.guidestar.org/profile/81-1168016,,,,,,,,,,,,,,,,,,,,,,,,,,,,,,,,,,,,,,,
1 Family 2Gether 4Ever,81-1287436,2/1/2016,12/31/2016,2016,2016,990EZ,310 Clinton Ave,,Plainfield,NJ,Union,07063,862-438-1745,,501(c)(3) Public Charity,Human services,,,P20 (Human Service Organizations),624190,8322,,,N,,http://www.guidestar.org/profile/81-1287436,http://www.guidestar.org/FinDocuments/2016/811/287/2016-811287436-0e297f03-Z.pdf,"$2,101 ","$2,101 ",,"$2,101 ",,,,"$5,872 ","$5,872 ",,"$5,872 ",,,,,$0 ,,,"$2,420 ",,,,,,,,,,,,,,,,,,,
100Ada,81-1351149,,,2016,,,919 N 21st St,,Boise,ID,Ada,83702,(208) 949- x71,www.100ada.org,501(c)(3) Public Charity,Philanthropy,,,T12 (Fund Raising and/or Fund Distribution),813219,8399,,,,,http://www.guidestar.org/profile/81-1351149,,,,,,,,,,,,,,,,,,,,,,,,,,,,,,,,,,,Lynn Bradescu ,Lynn Bradescu ,,lynn@boiserealtygroup.com,
100 Strong Inc,81-1510906,,,2016,,,4111 Auburn St,,Rockford,IL,Winnebago,61101,,,501(c)(3) Public Charity,Youth organizing,,,O50 (Youth Development Programs),813410,8641,8699,,,,http://www.guidestar.org/profile/81-1510906,,,,,,,,,,,,,,,,,,,,,,,,,,,,,,,,,,,,,,,
100 For All Inc,81-1671576,1/1/2018,12/31/2018,2016,2018,990EZ,271 W 146th St Apt 15,,New York,NY,New York,10039,800-603-3900,100FORALL.ORG,501(c)(3) Public Charity,Water resources,,,"C32 (Water Resource, Wetlands Conservation and Management)",813312,8399,8699,,,SKODY SCOT & CO CPAS PC,http://www.guidestar.org/profile/81-1671576,http://www.guidestar.org/FinDocuments/2018/811/671/2018-811671576-17055133-Z.pdf,"$2,739 ","$2,739 ",,"$2,739 ",,,,"$8,873 ","$8,873 ",,,,,,"$8,873 ",$0 ,,,"$7,470 ",,,,,,,,,,,,$479 ,,,,,,,
"THY WILL BE DONE"" PRODUCTION AND PERFORMANCE FUND INC""",81-1934253,1/1/2018,12/31/2018,2016,2018,990,879 McMeekin Pl,,Lexington,KY,Fayette,40502,(859) 227 7910,http://thywillbedoneoratorio.com/,501(c)(3) Public Charity,Performing arts,,,A12 (Fund Raising and/or Fund Distribution),813219,8399,,N,,"Psimer & Associates, Inc.",http://www.guidestar.org/profile/81-1934253,http://www.guidestar.org/FinDocuments/2017/811/934/2017-811934253-10046632-Z.pdf,"$2,036 ","$2,036 ",,($411),,,,"$245,245 ","$246,677 ",$21 ,"$234,995 ",,,,"$9,707 ","$2,447 ",$0 ,,"$319,718 ","$277,652 ","$42,066 ",$0 ,,"$7,180 ",,,,,,,,,JERRY PSIMER,Angela Rice ,Ellen Rice ,,ellenclairerice@gmail.com,0
104 Days of Summer Inc,81-2091885,,,2016,,,27303 Piney Ranch Ln,,Katy,TX,Fort Bend,77494,,,501(c)(3) Public Charity,Youth organizing,,,O50 (Youth Development Programs),813410,8641,8699,,,,http://www.guidestar.org/profile/81-2091885,,,,,,,,,,,,,,,,,,,,,,,,,,,,,,,,,,,,,,,
100 Ways,81-2270831,,,2016,,,8890 Spanish Ridge Ave,,Las Vegas,NV,Clark,89148,(702) 857-3003,www.100waysusa.org,501(c)(3) Public Charity,Leadership development,Camps,Youth organizing,O50 (Youth Development Programs),813410,8641,8699,,,,http://www.guidestar.org/profile/81-2270831,,,,,,,,,,,,,,,,,,,,,,,,,,,,,,,,,,,Kayle Bui ,Kayle Phuong Bui ,President,kbui@100waysusa.org,
1000 Dreams Fund,81-2276245,1/1/2018,12/31/2018,2017,2018,990,1875 Connecticut Ave NW Fl 11,,Washington,DC,District of Columbia,20009,,1000dreamsfund.org,501(c)(3) Public Charity,Education,,,"B82 (Scholarships, Student Financial Aid, Awards)",813410,8641,8699,,,Josh Mauer CPA LLC,http://www.guidestar.org/profile/81-2276245,http://www.guidestar.org/FinDocuments/2018/812/276/2018-812276245-17111912-9.pdf,"$71,626 ","$71,176 ",,"$71,626 ",,,,"$263,642 ","$263,642 ",$115 ,"$263,527 ","$262,925 ",,,,$0 ,$0 ,,"$217,295 ","$70,901 ","$146,394 ",$0 ,"$2,814 ","$73,720 ",,,,,,,,,CHRISTIE GARTON,,Christie Garton ,Founder & CEO,staff@1000dreamsfund.org,0
"#WeAreKY!, Inc.",81-2316399,1/1/2018,12/31/2018,2016,2018,990,704 Capital Ave,,Frankfort,KY,Franklin,40601,(859) 564-2611,weareky1.wildapricot.org,501(c)(3) Public Charity,Adoption,Foster care,Youth services,P32 (Foster Care),624110,8322,,N,,"BLUE & CO., LLC",http://www.guidestar.org/profile/81-2316399,http://www.guidestar.org/FinDocuments/2017/812/316/2017-812316399-11054bcd-9.pdf,"$302,279 ","$302,279 ",,"$302,279 ",,,"$302,279 ","$40,704 ","$43,122 ",,"$30,000 ",,"$10,704 ",,,$0 ,$0 ,,"$152,340 ","$149,478 ","$2,862 ",$0 ,,,,,,,$109 ,,,,GLENNA BEVIN,Mrs. Glenna Bevin ,Mrs. Glenna Bevin ,President,FirstLady@ky.gov,0
1 PVD CYCLING,81-2319170,,,2016,,,481 Academy Ave,,Providence,RI,Providence,02908,,www.1pvdcycling.org,501(c)(3) Public Charity,Sports and recreation,Sports,,"N99 (Other Recreation, Sports, or Leisure Activities N.E.C.)",713990,7911,7993,,,,http://www.guidestar.org/profile/81-2319170,,,,,,,,,,,,,,,,,,,,,,,,,,,,,,,,,,,Donny Green ,Katie Fairhead ,Board Secretary & Treasurer,katie@1PVDcycling.org,
100 WHO GIVE INC,81-2430228,1/1/2018,12/31/2018,2016,2018,990EZ,1258 Horsham Way,,Apex,NC,Wake,27502,919-302-2268,www.100whogive.com,501(c)(3) Public Charity,Community service,,,"S80 (Community Service Clubs (Kiwanis, Lions, Jaycees, etc.))",813410,8641,8699,,N,Jordan Samuel CPA,http://www.guidestar.org/profile/81-2430228,http://www.guidestar.org/FinDocuments/2018/812/430/2018-812430228-10c6c1f9-Z.pdf,"$32,452 ","$32,452 ",,"$31,979 ",,,,"$117,064 ","$117,414 ",,"$117,054 ",,,$10 ,,$473 ,,,"$94,057 ",,,,,,,,,,,,,,,,Mrs. Carolyn Walters ,Founder,hello@100whogive.com,
10 Lives Rescue and Sanctuary,81-2491082,,,2016,,,PO Box 763,,San Andreas,CA,Calaveras,95249,,,501(c)(3) Public Charity,Animal welfare,,,D20 (Animal Protection and Welfare (includes Humane Societies and SPCAs)),813312,8399,8699,,,,http://www.guidestar.org/profile/81-2491082,,,,,,,,,,,,,,,,,,,,,,,,,,,,,,,,,,,,,,,
1-159 Foundation,81-2491139,,,2016,,,140 S Lake Ave Ste 348,,Pasadena,CA,Los Angeles,91101,,,501(c)(3) Public Charity,Adoption,,,P31 (Adoption),624110,8322,,,,,http://www.guidestar.org/profile/81-2491139,,,,,,,,,,,,,,,,,,,,,,,,,,,,,,,,,,,,,,,
1000 Year Project,81-2749322,,,2018,,,4140 Field Master Dr,,Zionsville,IN,Boone,46077,,,501(c)(3) Public Charity,Science,,,"U20 (Science, General (includes Interdisciplinary Scientific Activities))",54171,,,,,,http://www.guidestar.org/profile/81-2749322,,,,,,,,,,,,,,,,,,,,,,,,,,,,,,,,,,,,,,,
'Burgh Vivant,81-2775408,,,2018,,,109 Davis Rd,,Sewickley,PA,Beaver,15143,(412) 600-5292,www.burghvivant.org,501(c)(3) Public Charity,Arts services,Communication media,Civic participation,"A30 (Media, Communications Organizations)",51,,,,,,http://www.guidestar.org/profile/81-2775408,,,,,,,,,,,,,,,,,,,,,,,,,,,,,,,,,,,Mr. Brian Edward ,Mr. Brian Edward ,Executive Producer,brianedward@burghvivant.org,
100 Days Foundation,81-2789857,3/2/2016,12/31/2016,2016,2016,990EZ,1846 E Innovation Park Dr # 100,,Oro Valley,AZ,Pima,85755,520-975-9561,,501(c)(3) Public Charity,Unknown or not classified,,,Z99 (Unknown),,,,,N,,http://www.guidestar.org/profile/81-2789857,http://www.guidestar.org/FinDocuments/2016/812/789/2016-812789857-0da89b74-Z.pdf,$0 ,$0 ,,$0 ,,,,$0 ,$0 ,,$0 ,,$0 ,$0 ,$0 ,$0 ,,,$0 ,,,,,,,,,,,,$0 ,,,,,,,
100 Professional Men of the Central Valley,81-2897022,,,2017,,,4084 Black Butte Cir,,Stockton,CA,San Joaquin,95209,,,501(c)(3) Public Charity,Youth organizing,,,O50 (Youth Development Programs),813410,8641,8699,,,,http://www.guidestar.org/profile/81-2897022,,,,,,,,,,,,,,,,,,,,,,,,,,,,,,,,,,,,,,,
1 Redd Bag Ltd,81-2990472,,,2016,,,19510 Bowman Ridge Dr,,Germantown,MD,Montgomery,20874,,,501(c)(3) Public Charity,Food aid,,,"K30 (Food Service, Free Food Distribution Programs)",624210,8322,,,,,http://www.guidestar.org/profile/81-2990472,,,,,,,,,,,,,,,,,,,,,,,,,,,,,,,,,,,,,,,
10 Talents,81-3144647,1/1/2018,12/31/2018,2016,2018,990,20524 118TH AVE SE,,SNOHOMISH,WA,Snohomish,98296,360-927-7455,N/A,501(c)(3) Public Charity,Film and video,,,"A31 (Film, Video)",512110,7812,,N,N,Carr Accounting,http://www.guidestar.org/profile/81-3144647,http://www.guidestar.org/FinDocuments/2017/813/144/2017-813144647-0f492942-Z.pdf,"$121,137 ","$121,137 ",$0 ,"$121,137 ",,,"$121,137 ","$200,807 ","$200,807 ",$0 ,"$200,807 ",,$0 ,$0 ,$0 ,$0 ,$0 ,,"$145,909 ",$0 ,"$145,909 ",$0 ,$400 ,$0 ,$0 ,$0 ,$0 ,$0 ,$0 ,$0 ,,$0 ,,,,,,0
1 Thessalonians 3-2 Inc,81-3173199,1/1/2018,12/31/2018,2016,2018,990EZ,301 Ellis Rd,,Langhorne,PA,Bucks,19047,215-504-9460,,501(c)(3) Public Charity,Christianity,,,X20 (Christian),813110,8661,,,,BD RUDOLF & ASSOCIATES,http://www.guidestar.org/profile/81-3173199,http://www.guidestar.org/FinDocuments/2018/813/173/2018-813173199-10ef9278-Z.pdf,$912 ,$912 ,,$912 ,,,,"$22,578 ","$22,578 ",,"$22,578 ",,$0 ,$0 ,,,,,"$22,705 ",,,,,,,,,,,,"$2,430 ",,,,,,,
10-10 Academy,81-3185191,7/1/2018,6/30/2019,2016,2018,990EZ,8432 Roxy Cir,,Riverside,CA,Riverside,92508,714-585-3187,www.1010Academy.com,501(c)(3) Public Charity,Youth organizing,,,O50 (Youth Development Programs),813410,8641,8699,,,,http://www.guidestar.org/profile/81-3185191,http://www.guidestar.org/FinDocuments/2019/813/185/2019-813185191-17124559-Z.pdf,"$12,312 ","$12,312 ",,"$12,312 ",,,,"$69,466 ","$69,466 ",$0 ,$0 ,,$0 ,$0 ,"$69,466 ",$0 ,,,"$68,579 ",,,,,,,,,,,,$0 ,,,,,,,
1000 Friends of Pikesville Inc,81-3325432,,,2016,,,11 Whitebridge Ct,,Pikesville,MD,Baltimore,21208,,,501(c)(3) Public Charity,Education,,,,,,,,,,http://www.guidestar.org/profile/81-3325432,,,,,,,,,,,,,,,,,,,,,,,,,,,,,,,,,,,,,,,
100 Hall of Fame Legacy Foundation Inc,81-3398747,,,2017,,,PO Box 5763,,Tallahassee,FL,Leon,32314,,,501(c)(3) Public Charity,Education,,,B11 (Single Organization Support),813219,8399,,,,,http://www.guidestar.org/profile/81-3398747,,,,,,,,,,,,,,,,,,,,,,,,,,,,,,,,,,,,,,,
1 Box LLC,81-3408531,,,2016,,,272 Water Cliff Dr,,Somerset,KY,Pulaski,42503,,,501(c)(3) Public Charity,Human services,,,P99 (Human Services - Multipurpose and Other N.E.C.),624190,8322,,,,,http://www.guidestar.org/profile/81-3408531,,,,,,,,,,,,,,,,,,,,,,,,,,,,,,,,,,,,,,,
(L7) Lucky Sevan,81-3469619,7/1/2018,6/30/2019,2016,2018,990EZ,2129 E Warner Rd Ste 101,,Tempe,AZ,Maricopa,85284,(480) 398-3787,www.luckysevan.org,501(c)(3) Public Charity,Camps,Youth organizing,,O50 (Youth Development Programs),813410,8641,8699,,,SKINNER COMPANY LLC,http://www.guidestar.org/profile/81-3469619,http://www.guidestar.org/FinDocuments/2019/813/469/2019-813469619-17101613-Z.pdf,"$23,707 ","$23,707 ",,"$23,707 ",,,,"$79,745 ","$79,745 ",,"$18,163 ",,,,"$61,582 ",,,,"$63,551 ",,,,,,,,,,,,,,,Evan Dean Rogers ,Evan Rogers ,"Founder, CEO",evan@luckysevan.org,
100 Catholic Mens and Womens Club of Harlingen,81-3474082,1/1/2019,12/31/2019,2016,2019,990EZ,406 W Darrell Wayne Shipp St,,Harlingen,TX,Cameron,78550,956-245-9142,,501(c)(3) Public Charity,Education,,,"B82 (Scholarships, Student Financial Aid, Awards)",813410,8641,8699,,,RNM,http://www.guidestar.org/profile/81-3474082,http://www.guidestar.org/FinDocuments/2018/813/474/2018-813474082-1085ae84-Z.pdf,"$10,809 ","$10,809 ",,"$10,809 ",,,,"$5,128 ","$5,128 ",,"$5,128 ",,,,,,,,"$3,549 ",,,,,,,,,,,,,,,,,,,
1043 Fulton Inc,81-3547703,,,2016,,,PO Box 6584,,Evansville,IN,Vanderburgh,47719,,,501(c)(3) Public Charity,Human services,,,F11 (Single Organization Support),813219,8399,,,,,http://www.guidestar.org/profile/81-3547703,,,,,,,,,,,,,,,,,,,,,,,,,,,,,,,,,,,,,,,
100 Love Notes Foundation,81-3567864,,,2017,,,1505 Mimosa Ave,,Charlotte,NC,Mecklenburg,28205,,,501(c)(3) Public Charity,Medical support services,,,E60 (Health Support Services),621999,8099,,,,,http://www.guidestar.org/profile/81-3567864,,,,,,,,,,,,,,,,,,,,,,,,,,,,,,,,,,,,,,,
1 Soldier 1 Dog 1 Team Inc,81-3585472,,,2016,,,39 Mount Vernon Rd,,Manalapan,NJ,Monmouth,07726,,,501(c)(3) Public Charity,Animal welfare,,,D20 (Animal Protection and Welfare (includes Humane Societies and SPCAs)),813312,8399,8699,,,,http://www.guidestar.org/profile/81-3585472,,,,,,,,,,,,,,,,,,,,,,,,,,,,,,,,,,,,,,,
1050 Mass Ave Investment Inc,81-3626665,1/1/2019,12/31/2019,2017,2019,990,5910 N Central Expy Ste 1200,,Dallas,TX,Dallas,75206,214-989-0800,N/A,"501(c)(25) (Title Holding Corporations for Multiple Organizations (Pensions, etc.))",Real estate,,,S47 (Real Estate Organizations),531390,6531,,N,,MOSS ADAMS LLP,http://www.guidestar.org/profile/81-3626665,http://www.guidestar.org/FinDocuments/2018/813/626/2018-813626665-111d99f2-9O.pdf,"$50,516,720 ","$359,906 ",,"$26,982,461 ",,,,"$1,215,059 ","$3,456,274 ",,,,,,,"$23,534,259 ","$23,000,000 ",,$0 ,$0 ,$0 ,$0 ,,,,,,,,,,,AMY MCGARRITY,,,,,0
100 Ride Inc,81-3722545,,,2017,,,360 Lexington Ave,,New York,NY,New York,10017,,,501(c)(3) Public Charity,Philanthropy,,,T12 (Fund Raising and/or Fund Distribution),813219,8399,,,,,http://www.guidestar.org/profile/81-3722545,,,,,,,,,,,,,,,,,,,,,,,,,,,,,,,,,,,,,,,
100 Women Who Care SWW,81-3761053,,,2016,,,2210 W Main St Ste 107 # 141,,Battle Ground,WA,Clark,98604,,,501(c)(3) Public Charity,Public safety,,,I12 (Fund Raising and/or Fund Distribution),813219,8399,,,,,http://www.guidestar.org/profile/81-3761053,,,,,,,,,,,,,,,,,,,,,,,,,,,,,,,,,,,,,,,
100 Black Men of America of Selma,81-3764298,,,2016,,,419 Birch Ave,,Selma,AL,Dallas,36701,,,501(c)(3) Public Charity,Adult and child mentoring,,,"O30 (Adult, Child Matching Programs)",624110,8322,,,,,http://www.guidestar.org/profile/81-3764298,,,,,,,,,,,,,,,,,,,,,,,,,,,,,,,,,,,,,,,
10 Talent Ministries Inc,81-3776547,,,2017,,,4314 Pablo Oaks Ct,,Jacksonville,FL,Duval,32224,,,501(c)(4) (Civic Leagues and Social Welfare Organizations),Antidiscrimination,,,"R20 (Civil Rights, Advocacy for Specific Groups)",813311,8399,,,,,http://www.guidestar.org/profile/81-3776547,,,,,,,,,,,,,,,,,,,,,,,,,,,,,,,,,,,,,,,
1 By 1 Foundation,81-3777631,,,2016,,,1302 Cottage Pl,,Brandon,FL,Hillsborough,33510,,,501(c)(3) Public Charity,Medical support services,,,E60 (Health Support Services),621999,8099,,,,,http://www.guidestar.org/profile/81-3777631,,,,,,,,,,,,,,,,,,,,,,,,,,,,,,,,,,,,,,,
100 Women Who Care Madison,81-3786131,,,2017,,,25 Pebble Beach Cir,,Madison,WI,Dane,53717,,,501(c)(3) Public Charity,Human services,,,P12 (Fund Raising and/or Fund Distribution),813219,8399,,,,,http://www.guidestar.org/profile/81-3786131,,,,,,,,,,,,,,,,,,,,,,,,,,,,,,,,,,,,,,,
1 Latham Community Development Corporation Inc,81-3828263,,,2017,,,4420 Coosada Rd,,Millbrook,AL,Elmore,36054,,,501(c)(3) Public Charity,Human services,,,P20 (Human Service Organizations),624190,8322,,,,,http://www.guidestar.org/profile/81-3828263,,,,,,,,,,,,,,,,,,,,,,,,,,,,,,,,,,,,,,,
1 World Expo Inc,81-3891758,,,2016,,,13447 166th Pl Apt 10c,,Jamaica,NY,Queens,11434,,,501(c)(3) Public Charity,Arts exchange,,,Q21 (International Cultural Exchange),611710,8299,8748,,,,http://www.guidestar.org/profile/81-3891758,,,,,,,,,,,,,,,,,,,,,,,,,,,,,,,,,,,,,,,
100 Club of Solano and Yolo Counties,81-3993442,,,2016,,,1530 Webster St,,Fairfield,CA,Solano,94533,,,501(c)(3) Public Charity,Youth services,,,P30 (Children's and Youth Services),624110,8322,,,,,http://www.guidestar.org/profile/81-3993442,,,,,,,,,,,,,,,,,,,,,,,,,,,,,,,,,,,,,,,
0 U R Passion,81-4045228,1/1/2018,12/31/2018,2017,2018,990EZ,6816 W 4th Ave,,Kennewick,WA,Benton,99336,509-952-7501,,501(c)(3) Public Charity,Temporary accomodations,,,L40 (Low-Cost Temporary Housing (includes Youth Hostels)),624221,8322,,,N,HAROLD L LARSEN CPA,http://www.guidestar.org/profile/81-4045228,http://www.guidestar.org/FinDocuments/2018/814/045/2018-814045228-10ed1ee2-Z.pdf,$0 ,,,$0 ,,,,"$155,921 ","$155,921 ",,,,,,,,,,"$170,955 ",,,,,,,,,,,,,,,,,,,
02 Scholarship Fund Inc,81-4049787,1/1/2018,12/31/2018,2017,2018,990EZ,109 Big Pine Rd,,Batesville,AR,Independence,72501,870-613-2782,N/A,501(c)(3) Public Charity,Education,,,"B82 (Scholarships, Student Financial Aid, Awards)",813410,8641,8699,,N,Welch Couch & Company PA,http://www.guidestar.org/profile/81-4049787,http://www.guidestar.org/FinDocuments/2018/814/049/2018-814049787-16993542-Z.pdf,"$80,912 ","$80,912 ",,"$80,912 ",,,,"$38,897 ","$38,897 ",$712 ,"$38,185 ",,,,,,,,"$25,930 ",,,,,,,,,,,,,,,,,,,
100Th Promenade Nationale Corp,81-4191124,,,2017,,,PO Box 757,,Walterboro,SC,Colleton,29488,,,501(c)(3) Public Charity,Special population support,,,W30 (Military/Veterans' Organizations),813410,8641,8699,,,,http://www.guidestar.org/profile/81-4191124,,,,,,,,,,,,,,,,,,,,,,,,,,,,,,,,,,,,,,,
1 Birth at A Time,81-4429898,1/1/2018,12/31/2018,2017,2018,990EZ,1425 Golden Grove Dr,,Mesquite,TX,Dallas,75149,214-434-6690,N/A,501(c)(3) Public Charity,Youth organizing,,,O50 (Youth Development Programs),813410,8641,8699,,,Uniqueness Unlimited Co,http://www.guidestar.org/profile/81-4429898,http://www.guidestar.org/FinDocuments/2018/814/429/2018-814429898-115b0964-Z.pdf,"$1,152 ","$1,152 ",,($100),,,,"$5,850 ","$5,850 ",$0 ,"$5,850 ",,$0 ,$0 ,$0 ,"$1,252 ",,,"$4,550 ",,,,,,,,,,,,,,,,,,,
10000 Pencils,81-4542174,,,2017,,,14792 Timberbluff Dr,,Chesterfield,MO,Saint Louis,63017,,,501(c)(3) Public Charity,Human services,,,P20 (Human Service Organizations),624190,8322,,,,,http://www.guidestar.org/profile/81-4542174,,,,,,,,,,,,,,,,,,,,,,,,,,,,,,,,,,,,,,,
101 Education Institute Corporation,81-4558746,,,2016,,,10349 Buglenote Way,,Columbia,MD,Howard,21044,,,501(c)(3) Public Charity,Education,,,B99 (Education N.E.C.),611,,,,,,http://www.guidestar.org/profile/81-4558746,,,,,,,,,,,,,,,,,,,,,,,,,,,,,,,,,,,,,,,
100 Club of St Tammany Inc,81-4573648,,,2017,,,PO Box 1637,,Covington,LA,Saint Tammany,70434,,,501(c)(3) Public Charity,Police agencies,,,I60 (Law Enforcement Agencies (Police Departments)),541199,7389,,,,,http://www.guidestar.org/profile/81-4573648,,,,,,,,,,,,,,,,,,,,,,,,,,,,,,,,,,,,,,,
100 Black Men of Greater Orlando Inc,81-4640029,1/1/2017,12/31/2017,2017,2017,990,PO Box 547683,,Orlando,FL,Orange,32854,,,501(c)(3) Public Charity,Community service,,,S82 (Men's Service Clubs),813410,8641,8699,N,,COVINGTON ASSOCIATES CPAS,http://www.guidestar.org/profile/81-4640029,http://www.guidestar.org/FinDocuments/2017/814/640/2017-814640029-100d096b-9.pdf,"$109,749 ","$109,749 ",,"$109,749 ",,,"$109,749 ","$446,342 ","$446,342 ",$6 ,"$446,336 ","$408,179 ",,,,$0 ,$0 ,,"$336,593 ","$269,165 ","$67,428 ",$0 ,$350 ,"$2,062 ",,,,,$425 ,,,,Reginald Whitehead,,,,,0
1 Tackle 4 Change Inc,81-4647325,,,2016,,,61 Carolina Ct,,Crawfordville,FL,Wakulla,32327,,,501(c)(3) Public Charity,Community service,,,S81 (Women's Service Clubs),813410,8641,8699,,,,http://www.guidestar.org/profile/81-4647325,,,,,,,,,,,,,,,,,,,,,,,,,,,,,,,,,,,,,,,
1 ODYSEA,81-4748491,,,2017,,,326 SE 2nd St,,Williston,FL,Levy,32696,,UORescue.org/,501(c)(3) Public Charity,Domesticated animals,Animal welfare,,D12 (Fund Raising and/or Fund Distribution),813219,8399,,,,,http://www.guidestar.org/profile/81-4748491,,,,,,,,,,,,,,,,,,,,,,,,,,,,,,,,,,,,Sundra Gurule ,President,sunnyg@uorescue.org,
1 Sustainable Planet,81-4778993,,,2017,,,1716 11th Ave SE,,Olympia,WA,Thurston,98501,,,501(c)(3) Public Charity,Natural resources,Sustainable development,,C01 (Alliance/Advocacy Organizations),813319,8399,8641,,,,http://www.guidestar.org/profile/81-4778993,,,,,,,,,,,,,,,,,,,,,,,,,,,,,,,,,,,,,,,
1002 Foundation Inc,81-4875754,,,2017,,,314 Fort Edward Dr,,Arlington,TX,Tarrant,76002,,,501(c)(3) Public Charity,Genetic conditions and birth defects,,,G20 (Birth Defects),813212,8399,,,,,http://www.guidestar.org/profile/81-4875754,,,,,,,,,,,,,,,,,,,,,,,,,,,,,,,,,,,,,,,
100 Boys of Code Inc,81-4907402,,,2017,,,258 Montrose Dr,,Mcdonough,GA,Henry,30253,,,501(c)(3) Public Charity,Education services,,,B90 (Educational Services and Schools - Other),611710,8299,8748,,,,http://www.guidestar.org/profile/81-4907402,,,,,,,,,,,,,,,,,,,,,,,,,,,,,,,,,,,,,,,
10000 Lakes Gaming,81-4962961,,,2017,,,3206 Red Oak Dr,,Saint Paul,MN,Dakota,55121,,http://www.10klakesgaming.org/,501(c)(3) Public Charity,Clubs,,,"N50 (Recreational, Pleasure, or Social Club)",713990,7911,7993,,,,http://www.guidestar.org/profile/81-4962961,,,,,,,,,,,,,,,,,,,,,,,,,,,,,,,,,,,Keith Apperson ,Jolene Danner ,Secretary,accounting@10klakesgaming.org,
10 19 Foundation Inc,81-4975769,1/1/2019,12/31/2019,2017,2019,990EZ,60 McKenna Ridge Rd,,East Falmouth,MA,Barnstable,02536,508-326-8034,WWW.1019FOUNDATION.ORG,501(c)(3) Public Charity,Youth organizing,,,O50 (Youth Development Programs),813410,8641,8699,,,MIA GREEN EA,http://www.guidestar.org/profile/81-4975769,http://www.guidestar.org/FinDocuments/2017/814/975/2017-814975769-0f82459a-Z.pdf,"$95,886 ","$95,886 ",,"$95,886 ",,,,"$7,952 ","$7,952 ",$152 ,"$7,800 ",,$0 ,$0 ,$0 ,,,,"$7,726 ",,,,,,,,,,,,,,,,,,,
1040 Global,81-5018505,1/1/2019,12/31/2019,2018,2019,990EZ,5972 Kibeggan St  Galloway Oh 43119-8142,,Galloway,OH,Franklin,43119,614-286-2368,www.1040.global,501(c)(3) Public Charity,Protestantism,,,X21 (Protestant),813110,8661,,,,Denise M Nembhard,http://www.guidestar.org/profile/81-5018505,,"$29,752 ","$29,752 ",,"$28,799 ",,,,"$99,112 ","$99,112 ",,"$99,112 ",,,,,$953 ,,,"$85,166 ",,,,,,,,,,,,,,,,,,,
1 Together NFP,81-5023807,1/1/2018,12/31/2018,2017,2018,990EZ,404 W Olive St,,Arlington Heights,IL,Cook,60004,,,501(c)(3) Public Charity,Disaster relief,,,Q33 (International Relief),813311,8399,,,,Dennis L. Stachowxak,http://www.guidestar.org/profile/81-5023807,http://www.guidestar.org/FinDocuments/2018/815/023/2018-815023807-10e9905f-Z.pdf,"$32,102 ","$32,102 ",,"$32,102 ",,,,"$78,061 ","$78,061 ",,"$78,061 ",,$0 ,$0 ,,,,,"$56,106 ",,,,,,,,,,,,,,,,,,,
1 On 1 Mentoring,81-5069406,,,2017,,,512 Campbell St,,Bainbridge,GA,Decatur,39819,,,501(c)(3) Public Charity,Adult and child mentoring,,,"O30 (Adult, Child Matching Programs)",624110,8322,,,,,http://www.guidestar.org/profile/81-5069406,,,,,,,,,,,,,,,,,,,,,,,,,,,,,,,,,,,,,,,
100 Nations Campaign Ltd,81-5197976,1/1/2017,12/31/2017,2017,2017,990EZ,932 Maple Lake Way,,Brownsburg,IN,Hendricks,46112,317-459-5229,www.100Natlons.org,501(c)(3) Public Charity,Leadership development,,,W70 (Leadership Development),813410,8641,8699,,,,http://www.guidestar.org/profile/81-5197976,http://www.guidestar.org/FinDocuments/2017/815/197/2017-815197976-0f61c58c-Z.pdf,"$60,423 ","$60,423 ",,"$60,423 ",,,,"$100,802 ","$100,802 ",$0 ,"$100,802 ",,$0 ,$0 ,$0 ,,,,"$40,379 ",,,,,,,,,,,,$125 ,,,,,,,
1 Village Inc,81-5223693,,,2017,,,4426 Hugh Howell Rd,,Tucker,GA,DeKalb,30084,,,501(c)(3) Public Charity,Human services,,,P20 (Human Service Organizations),624190,8322,,,,,http://www.guidestar.org/profile/81-5223693,,,,,,,,,,,,,,,,,,,,,,,,,,,,,,,,,,,,,,,
1 Day 1 Charity Inc,81-5321204,,,2017,,,11015 Tanya St,,Coral Gables,FL,Miami-dade,33156,(305) 204-3953,https://www.1day1charity.org,501(c)(3) Public Charity,Philanthropy,,,T12 (Fund Raising and/or Fund Distribution),813219,8399,,,,,http://www.guidestar.org/profile/81-5321204,,,,,,,,,,,,,,,,,,,,,,,,,,,,,,,,,,,Mrs. Maria Veronica Rives-Zulueta ,Mrs. Maria Veronica Rives-Zulueta ,Director,vrives@1day1charity.org,
1 Salon Life Development Academy Inc,81-5330123,,,2017,,,2800 W Oakland Park Blvd Ste 309,,Oakland Park,FL,Broward,33311,,,501(c)(3) Public Charity,Youth organizing,,,O50 (Youth Development Programs),813410,8641,8699,,,,http://www.guidestar.org/profile/81-5330123,,,,,,,,,,,,,,,,,,,,,,,,,,,,,,,,,,,,,,,
10 Talents International,81-5366187,7/1/2018,6/30/2019,2019,2018,990,900 SE 5th St Ste 22,,Bentonville,AR,Benton,72712,423-400-4665,N/A,501(c)(3) Public Charity,Christianity,,,X20 (Christian),813110,8661,,N,N,THE TAX NURSE INC,http://www.guidestar.org/profile/81-5366187,,"$60,382 ","$48,404 ",$0 ,"$60,782 ",,,"$60,782 ","$99,434 ","$99,434 ",$0 ,"$99,434 ",,$0 ,$0 ,$0 ,($400),$0 ,,"$94,195 ","$41,663 ","$52,532 ",$0 ,"$1,010 ",$0 ,$0 ,$0 ,$0 ,$0 ,$0 ,$0 ,,$0 ,LONDON L LEE,,,,,2
102009826,82-0289627,1/1/2019,12/31/2019,1975,2019,990EZ,2519 S Federal Way,,Boise,ID,Ada,83705,(208) 342-0809,http://www.imsaru.org/,501(c)(3) Public Charity,Search and rescue,,,M23 (Search and Rescue Services),624230,8322,,,N,,http://www.guidestar.org/profile/82-0289627,http://www.guidestar.org/FinDocuments/2018/820/289/2018-820289627-104db75f-Z.pdf,"$367,801 ","$302,954 ",,"$361,018 ",,,,"$81,829 ","$101,663 ","$1,868 ","$47,805 ",,"$17,277 ",$421 ,"$14,458 ","$6,783 ",,,"$49,454 ",,,,,,,,,,,,"$1,838 ",,,,James Findley ,,treasurer@imsaru.org,
1 Local Urban Village,82-0639427,,,2019,,,1334 66th Ave,,Philadelphia,PA,Philadelphia,19126,,,501(c)(3) Public Charity,Education services,,,B90 (Educational Services and Schools - Other),611710,8299,8748,,,,http://www.guidestar.org/profile/82-0639427,,,,,,,,,,,,,,,,,,,,,,,,,,,,,,,,,,,,,,,
1000 Islands Charity Poker Run Corp,82-0648835,1/1/2018,12/31/2018,2017,2018,990,PO Box 56,,Clayton,NY,Jefferson,13624,(315) 882-3145,http://www.1000islandsrun.com,501(c)(3) Public Charity,Environment,,,N12 (Fund Raising and/or Fund Distribution),813219,8399,,N,,J R GARDNER CPA PC,http://www.guidestar.org/profile/82-0648835,http://www.guidestar.org/FinDocuments/2018/820/648/2018-820648835-17120172-9.pdf,"$16,179 ","$15,467 ",,"$16,179 ",,,"$16,179 ","$76,398 ","$215,767 ",,"$84,300 ",,"($7,902)",,,$0 ,$0 ,,"$66,920 ",$0 ,$0 ,"$66,920 ",,"$10,818 ",,"$3,807 ",,,,,,,ROBERT W CANTWELL,,Alexandra Buduson ,,1000islandsrun@gmail.com,0
1-16 Ryders Ministries,82-0736266,,,2017,,,3321 23rd St NE,,Hickory,NC,Catawba,28601,,,501(c)(3) Public Charity,Christianity,,,X20 (Christian),813110,8661,,,,,http://www.guidestar.org/profile/82-0736266,,,,,,,,,,,,,,,,,,,,,,,,,,,,,,,,,,,,,,,
1 Humanity for Peace,82-0755266,,,2017,,,614 S Cloverdale Ave Apt 6,,Los Angeles,CA,Los Angeles,90036,,,501(c)(3) Public Charity,Museums,,,A50 (Museum & Museum Activities),712110,8412,,,,,http://www.guidestar.org/profile/82-0755266,,,,,,,,,,,,,,,,,,,,,,,,,,,,,,,,,,,,,,,
1 Revelation Inc,82-0952371,,,1982,,,PO Box 71,,Richmond,IN,Wayne,47375,,,501(c)(3) Public Charity,Education,,,,,,,,,,http://www.guidestar.org/profile/82-0952371,,,,,,,,,,,,,,,,,,,,,,,,,,,,,,,,,,,,,,,
0HR Inc,82-1016117,,,2018,,,12446 Georgian St,,Garden Grove,CA,Orange,92841,,,501(c)(3) Public Charity,Human services,,,P20 (Human Service Organizations),624190,8322,,,,,http://www.guidestar.org/profile/82-1016117,,,,,,,,,,,,,,,,,,,,,,,,,,,,,,,,,,,,,,,
100 Humanitarians International,82-1048388,1/1/2018,12/31/2018,2017,2018,990EZ,11182 S Ivy Creek Cv,,South Jordan,UT,Salt Lake,84095,(801) 432-0105,http://www.100humanitarians.org,501(c)(3) Public Charity,"Agriculture, fishing and forestry",Economic development,Youth organizing,S30 (Economic Development),813410,8641,8699,,,,http://www.guidestar.org/profile/82-1048388,http://www.guidestar.org/FinDocuments/2018/821/048/2018-821048388-17121597-Z.pdf,"$26,633 ","$17,712 ",,"$26,633 ",,,,"$194,287 ","$199,175 ",,"$198,559 ",,"($4,888)",$0 ,,,,,"$183,881 ",,,,,,,,,,,,$440 ,,,Heidi Totten ,Heidi Totten ,Executive Director,heidi@100humanitarians.com,
10 and 90 Foundation,82-1065977,,,2017,,,20518 6th Avenue Ct E,,Spanaway,WA,Pierce,98387,,www.10and90.foundation,501(c)(3) Public Charity,Youth organizing,,,O50 (Youth Development Programs),813410,8641,8699,,,,http://www.guidestar.org/profile/82-1065977,,,,,,,,,,,,,,,,,,,,,,,,,,,,,,,,,,,Logan Seelye ,Logan Seelye ,CEO/Executive Director,info@10and90.founation,
1 Shine Youth,82-1209658,,,2018,,,161 W Victoria St Ste 240,,Long Beach,CA,Los Angeles,90805,,,501(c)(3) Public Charity,Youth organizing,,,O50 (Youth Development Programs),813410,8641,8699,,,,http://www.guidestar.org/profile/82-1209658,,,,,,,,,,,,,,,,,,,,,,,,,,,,,,,,,,,,,,,
"100 Black Men of Seattle, Inc.",82-1221541,,,2017,,,8019 S 117th St,,Seattle,WA,King,98178,(425) 429-2160,,501(c)(3) Public Charity,Public affairs,Youth development,Youth services,O01 (Alliance/Advocacy Organizations),813319,8399,8641,,,,http://www.guidestar.org/profile/82-1221541,,,,,,,,,,,,,,,,,,,,,,,,,,,,,,,,,,,Mr. Erwin C. Chappel ,Mr Erwin Chappel ,President/CEO,Ecc44@yahoo.com,
1 Oasis Way A NJ Nonprofit Corporation,82-1230809,,,2017,,,685 Bloomfield Ave Ste 202,,Verona,NJ,Essex,07044,,,501(c)(3) Public Charity,"Agriculture, fishing and forestry",,,"K99 (Other Food, Agriculture, and Nutrition N.E.C.)",115,,,,,,http://www.guidestar.org/profile/82-1230809,,,,,,,,,,,,,,,,,,,,,,,,,,,,,,,,,,,,,,,
1 More Paycheck Inc,82-1369299,,,2018,,,109 SE Gate Dr,,Cherry Hill,NJ,Camden,08003,,,501(c)(3) Public Charity,Philanthropy,,,T50 (Philanthropy / Charity / Voluntarism Promotion (General)),813219,8399,,,,,http://www.guidestar.org/profile/82-1369299,,,,,,,,,,,,,,,,,,,,,,,,,,,,,,,,,,,,,,,
1 Piece Each Corporation,82-1400459,1/1/2017,12/31/2017,2017,2017,990EZ,710 W Bay St,,Tampa,FL,Hillsborough,33606,314-809-5669,,501(c)(3) Public Charity,Environmental education,,,C60 (Environmental Education and Outdoor Survival Programs),712190,7999,8422,,N,"JOHN E. HERRING, INC.",http://www.guidestar.org/profile/82-1400459,http://www.guidestar.org/FinDocuments/2017/821/400/2017-821400459-0fe444da-Z.pdf,$24 ,$24 ,,$24 ,,,,"$9,707 ",,,"$8,924 ",,,$783 ,,,,,"$10,240 ",,,,,,,,,,,,$668 ,,,,,,,
10-33 Stmr,82-1655205,1/1/2019,12/31/2019,2019,2019,990EZ,10436 Cherokee Ln,,Parker,CO,Douglas,80138,,HTTPS://WWW.FACEBOOK.COM/1033STMR,501(c)(3) Public Charity,Public affairs,,,W12 (Fund Raising and/or Fund Distribution),813219,8399,,,,Duncan Accounting & Tax,http://www.guidestar.org/profile/82-1655205,http://www.guidestar.org/FinDocuments/2018/821/655/2018-821655205-10e358a0-Z.pdf,"$10,724 ","$10,724 ",,"$10,724 ",,,,"$59,176 ","$59,176 ",,"$59,176 ",,,,,$0 ,,,"$49,065 ",,,,,,,,,,,,$44 ,,,,,,,
1 Party at A Time,82-1690789,,,2017,,,108 Sue Ann Ct Apt B,,Carrboro,NC,Orange,27510,,,501(c)(3) Public Charity,Arts and culture,,,"A20 (Arts, Cultural Organizations - Multipurpose)",71,,,,,,http://www.guidestar.org/profile/82-1690789,,,,,,,,,,,,,,,,,,,,,,,,,,,,,,,,,,,,,,,
1 on 1 Personal Development Inc,82-1720226,,,2017,,,PO Box 830542,,Stone Mountain,GA,Dekalb,30083,(734) 845-9675,www.1on1personaldevelopment.com,501(c)(3) Public Charity,Civic participation,Community improvement,Youth organizing,O50 (Youth Development Programs),813410,8641,8699,,,,http://www.guidestar.org/profile/82-1720226,,,,,,,,,,,,,,,,,,,,,,,,,,,,,,,,,,,Mrs. Charlie M. Holiday-Wilson ,Mrs. Charlie Holiday-Wilson ,Founder,1on1personaldevelopment@gmail.com,
101CO3 Inc,82-1770489,,,2019,,,101 E Mishawaka Ave,,Mishawaka,IN,St Joseph,46545,,,501(c)(3) Public Charity,Educational management,,,B02 (Management & Technical Assistance),541618,8748,,,,,http://www.guidestar.org/profile/82-1770489,,,,,,,,,,,,,,,,,,,,,,,,,,,,,,,,,,,,,,,
100 Black Men of Charleston S C,82-1792645,,,2018,,,PO Box 21232,,Charleston,SC,Charleston,29413,,,501(c)(3) Public Charity,Community service,,,S82 (Men's Service Clubs),813410,8641,8699,,,,http://www.guidestar.org/profile/82-1792645,,,,,,,,,,,,,,,,,,,,,,,,,,,,,,,,,,,,,,,
10-4 God Inc,82-1907122,,,2018,,,10004 Liana Ln,,Raleigh,NC,Wake,27613,,,501(c)(3) Public Charity,Christianity,,,X20 (Christian),813110,8661,,,,,http://www.guidestar.org/profile/82-1907122,,,,,,,,,,,,,,,,,,,,,,,,,,,,,,,,,,,,,,,
100 Club of Lamar County,82-2066972,,,2018,,,2910 Clarksville St,,Paris,TX,Lamar,75460,,,501(c)(3) Public Charity,Philanthropy,,,T50 (Philanthropy / Charity / Voluntarism Promotion (General)),813219,8399,,,,,http://www.guidestar.org/profile/82-2066972,,,,,,,,,,,,,,,,,,,,,,,,,,,,,,,,,,,,,,,
1035 Osage Inc,82-2110750,1/1/2018,12/31/2018,2017,2018,990,PO Box 40305,,Denver,CO,Denver,80204,720-932-3000,N/A,501(c)(3) Public Charity,Shelter and residential care,,,L11 (Single Organization Support),813219,8399,,N,,PLANTE & MORAN PLLC,http://www.guidestar.org/profile/82-2110750,http://www.guidestar.org/FinDocuments/2018/822/110/2018-822110750-10a36fff-9.pdf,"$39,696,053 ","$12,761,936 ",$921 ,"$5,892,388 ",,,"$5,892,388 ",$0 ,$0 ,,,,,,,"$33,803,665 ","$29,698,000 ",,"$198,000 ",$0 ,"$198,000 ",$0 ,,,,,,,,,,,NICHOLE FORD,,,,,0
100 Day Peace Movement Inc,82-2230259,1/1/2019,12/31/2019,2018,2019,990EZ,1525 Pleasant Rd,,Bradenton,FL,Manatee,34207,941-727-1615,N/A,501(c)(3) Public Charity,Arms control,,,"Q41 (Arms Control, Peace Organizations)",813319,8399,8641,,,James M La MannaCPA PA,http://www.guidestar.org/profile/82-2230259,http://www.guidestar.org/FinDocuments/2018/822/230/2018-822230259-10a50be9-Z.pdf,$35 ,$35 ,,$35 ,,,,$972 ,$972 ,,$972 ,,,,,,,,$953 ,,,,,,,,,,,,,,,,,,,
101 Prep,82-2309215,1/1/2018,12/31/2018,2018,2018,990EZ,2801 Race St,,Fort Worth,TX,Tarrant,76111,817-631-0003,WWW.101PREP.ORG,501(c)(3) Public Charity,Economics for youth,,,"O53 (Business, Youth Development)",813410,8641,8699,,N,,http://www.guidestar.org/profile/82-2309215,http://www.guidestar.org/FinDocuments/2018/822/309/2018-822309215-10dd04bb-Z.pdf,$0 ,$0 ,,$0 ,,,,$0 ,,$0 ,$0 ,,$0 ,$0 ,$0 ,$0 ,,,$32 ,,,,,,,,,,,,$32 ,,,,,,,
1 On Every Officer Inc,82-2403545,1/1/2018,12/31/2018,2018,2018,990EZ,10049 Norwich Ave,,Mission Hills,CA,Los Angeles,91345,818-808-5233,,501(c)(3) Public Charity,Public safety,,,I01 (Alliance/Advocacy Organizations),813319,8399,8641,,,BALDWIN HILLS TAX SERVICE,http://www.guidestar.org/profile/82-2403545,http://www.guidestar.org/FinDocuments/2018/822/403/2018-822403545-10ef073d-Z.pdf,$150 ,$150 ,,$150 ,,,,$692 ,$692 ,,$30 ,,,,$662 ,,,,"$3,049 ",,,,,,,,,,,,,,,,,,,
10-40 Project,82-2487474,,,2017,,,62 SWEET BAY TRL,,PETAL,MS,Forrest,39465,,,501(c)(3) Public Charity,Human services,,,P20 (Human Service Organizations),624190,8322,,,,,http://www.guidestar.org/profile/82-2487474,,,,,,,,,,,,,,,,,,,,,,,,,,,,,,,,,,,,,,,
1014 Inc,82-2491142,1/1/2019,12/31/2019,2018,2019,990,205 E 42nd St,,New York,NY,New York,10017,339-214-8848,N/A,501(c)(3) Public Charity,Arts and culture,,,"A20 (Arts, Cultural Organizations - Multipurpose)",71,,,N,,SKODY SCOT & CO CPAS PC,http://www.guidestar.org/profile/82-2491142,http://www.guidestar.org/FinDocuments/2018/822/491/2018-822491142-10862f66-9.pdf,"$16,570 ","$3,832 ",,"$4,030 ",,,"$4,030 ","$596,958 ","$596,958 ",,"$596,958 ",,,,,"$12,540 ",$0 ,,"$601,715 ","$379,213 ","$222,502 ",$0 ,"$4,375 ",,,"$1,367 ",,,"$18,596 ",,,,KATJA WIESBROCK DONOVAN,,,,,3
100 Men Who Care in Clark County,82-2512880,1/1/2018,12/31/2018,2018,2018,990EZ,7801 NE Greenwood Dr,,Vancouver,WA,Clark,98662,503-704-3695,www.100mencc.com,501(c)(3) Public Charity,Human services,,,P12 (Fund Raising and/or Fund Distribution),813219,8399,,,,,http://www.guidestar.org/profile/82-2512880,http://www.guidestar.org/FinDocuments/2018/822/512/2018-822512880-10ee9d38-Z.pdf,"$7,558 ","$7,558 ",,"$7,558 ",,,,"$69,400 ",,,"$69,400 ",,,,,$0 ,,,"$65,497 ",,,,,,,,,,,,,,,,,,,
101 Suns Project,82-2722371,,,2018,,,549 Griffith Ave,,Las Vegas,NV,Clark,89104,(702) 810-0943,,501(c)(3) Public Charity,Arts education,,,A25 (Arts Education/Schools),611610,7911,8299,,,,http://www.guidestar.org/profile/82-2722371,,,,,,,,,,,,,,,,,,,,,,,,,,,,,,,,,,,Wm Randy Mendre ,Lynn Mendre ,,lynn@101sunsproject.org,
100 Black Men South Suburbs of Chicago,82-2765566,,,2017,,,PO Box 766,,Orland Park,IL,Cook,60462,,,501(c)(3) Public Charity,Human services,,,P20 (Human Service Organizations),624190,8322,,,,,http://www.guidestar.org/profile/82-2765566,,,,,,,,,,,,,,,,,,,,,,,,,,,,,,,,,,,,,,,
10 Up,82-2830824,,,2017,,,2 Winding Woods Way,,Freehold,NJ,Monmouth,07728,,,501(c)(3) Public Charity,Human services,,,P20 (Human Service Organizations),624190,8322,,,,,http://www.guidestar.org/profile/82-2830824,,,,,,,,,,,,,,,,,,,,,,,,,,,,,,,,,,,,,,,
1040Itsez,82-2935294,1/1/2018,12/31/2018,2017,2018,990PF,4205 W Burbank Blvd,,Burbank,CA,Los Angeles,91505,,,501(c)(3) Private Nonoperating Foundation,Public finance,,,"W22 (Public Finance, Taxation, Monetary Policy)",813410,8641,8699,,,,http://www.guidestar.org/profile/82-2935294,http://www.guidestar.org/FinDocuments/2018/822/935/2018-822935294-17145516-F.pdf,$0 ,,,$0 ,,,,$0 ,$1 ,$0 ,$0 ,,,,,$0 ,,,$0 ,,,,,,,,,,,,,,,,,,,
1000 Generations Foundation,82-2946529,1/1/2017,12/31/2017,2017,2017,990EZ,PO Box 1712,,Gold Beach,OR,Curry,97444,,,501(c)(3) Public Charity,Public affairs,,,"W99 (Public, Society Benefit - Multipurpose and Other N.E.C.)",813410,8641,8699,,,,http://www.guidestar.org/profile/82-2946529,http://www.guidestar.org/FinDocuments/2017/822/946/2017-822946529-0f576ae8-Z.pdf,$765 ,$605 ,,$605 ,,,,$930 ,,,$930 ,,,,,,,,$325 ,,,,,,,,,,,,,,,,,,,
1 Happy Tribe International,82-2976624,,,2017,,,8303 Hayden Cove Dr,,Tomball,TX,Harris,77375,,,501(c)(3) Public Charity,Mental health counseling,,,F60 (Counseling Support Groups),621498,8093,,,,,http://www.guidestar.org/profile/82-2976624,,,,,,,,,,,,,,,,,,,,,,,,,,,,,,,,,,,,,,,
1017 Project,82-3027333,,,2019,,,PO Box 19,,Powell Butte,OR,Crook,97753,(541) 419-0019,www.1017project.com,501(c)(3) Public Charity,Community health care,Food banks,,"K31 (Food Banks, Food Pantries)",624210,8322,,,,,http://www.guidestar.org/profile/82-3027333,http://www.guidestar.org/FinDocuments/2018/823/027/2018-823027333-115d8a0e-9.pdf,,,,,,,,,,,,,,,,,,,,,,,,,,,,,,,,,,Jordan Weaver ,Holly McLane ,Administrator,administrator@the1017project.com,
1000 Hearts of Kindness Inc,82-3047912,,,2018,,,5915 Trammell Rd Apt H4,,Morrow,GA,Clayton,30260,,,501(c)(3) Public Charity,Youth organizing,,,O50 (Youth Development Programs),813410,8641,8699,,,,http://www.guidestar.org/profile/82-3047912,,,,,,,,,,,,,,,,,,,,,,,,,,,,,,,,,,,,,,,
1 One Community,82-3066718,,,2018,,,201 Reno Ave,,Memphis,TN,Shelby,38107,,,501(c)(3) Public Charity,Youth organizing,,,O50 (Youth Development Programs),813410,8641,8699,,,,http://www.guidestar.org/profile/82-3066718,,,,,,,,,,,,,,,,,,,,,,,,,,,,,,,,,,,,,,,
1003 Paths To Wellness Inc,82-3103965,,,2017,,,1003 Hollinger St,,Park Rapids,MN,Hubbard,56470,,,501(c)(3) Public Charity,Public health,,,E70 (Public Health Program),621999,8099,,,,,http://www.guidestar.org/profile/82-3103965,,,,,,,,,,,,,,,,,,,,,,,,,,,,,,,,,,,,,,,
1 in 68 Foundation,82-3119994,1/1/2018,12/31/2018,2017,2018,990PF,3712 Barrington Bridge Pl,,Henrico,VA,Henrico,23233,804-385-0050,https://www.onein68foundation.org/,501(c)(3) Private Nonoperating Foundation,Diseases and conditions,,,G01 (Alliance/Advocacy Organizations),813319,8399,8641,,,,http://www.guidestar.org/profile/82-3119994,http://www.guidestar.org/FinDocuments/2018/823/119/2018-823119994-10bd3187-F.pdf,"$1,773 ",,,"$1,773 ",,,,"$2,755 ","$2,755 ",$0 ,$250 ,,,,,$0 ,,,$982 ,,,,,,,,,,,,,,,Hallie Hovey-Murray ,Hallie Hovey-Murray ,President/Executive Director ,halliehoveymurray@gmail.com,
10 Horse Art Center,82-3155752,,,2017,,,67 Black Creek Rd,,Highland,NY,Ulster,12528,,,501(c)(3) Public Charity,Arts and culture,,,"A20 (Arts, Cultural Organizations - Multipurpose)",71,,,,,,http://www.guidestar.org/profile/82-3155752,,,,,,,,,,,,,,,,,,,,,,,,,,,,,,,,,,,,,,,
100 Percent AZ Education Opportunity Inc,82-3170519,,,2018,,,PO Box 73127,,Phoenix,AZ,Maricopa,85050,,,501(c)(3) Public Charity,Education,,,"B82 (Scholarships, Student Financial Aid, Awards)",813410,8641,8699,,,,http://www.guidestar.org/profile/82-3170519,,,,,,,,,,,,,,,,,,,,,,,,,,,,,,,,,,,,,,,
1000 Trails for A Cause - A Not for Profit Corporation,82-3182619,,,2017,,,5082 E Hampden Ave Ste 201,,Denver,CO,Denver,80222,,,501(c)(3) Public Charity,Winter sports,,,N68 (Winter Sports (Snow and Ice)),713990,7911,7993,,,,http://www.guidestar.org/profile/82-3182619,,,,,,,,,,,,,,,,,,,,,,,,,,,,,,,,,,,,,,,
1 Armenia Dream,82-3249560,,,2018,,,28 Woodmyre Ln,,Enola,PA,Cumberland,17025,,,501(c)(3) Public Charity,International development,,,"Q30 (International Development, Relief Services)",813311,8399,,,,,http://www.guidestar.org/profile/82-3249560,,,,,,,,,,,,,,,,,,,,,,,,,,,,,,,,,,,,,,,
1 Freedom for All,82-3270255,,,2018,,,237 McClellan St,,Bronx,NY,Bronx,10456,,,501(c)(3) Public Charity,Community improvement,,,"S20 (Community, Neighborhood Development, Improvement)",813410,8641,8699,,,,http://www.guidestar.org/profile/82-3270255,,,,,,,,,,,,,,,,,,,,,,,,,,,,,,,,,,,,,,,
1 Million Guitars,82-3323753,1/1/2018,12/31/2018,2018,2018,990EZ,603 Greenwich St,,New York,NY,New York,10014,212-767-9638,onemillionguitars.org,501(c)(3) Public Charity,Music,,,A68 (Music),711130,7929,,,N,REGEN BENZ & MACKENZIE CPAS PC,http://www.guidestar.org/profile/82-3323753,http://www.guidestar.org/FinDocuments/2018/823/323/2018-823323753-17049963-Z.pdf,"$5,587 ","$5,587 ",,"$5,587 ",,,,"$102,590 ","$102,590 ",,"$102,590 ",,,,,,,,"$97,003 ",,,,,,,,,,,,,,,,,,,
1026 Foundation Corporation,82-3378707,1/1/2018,12/31/2018,2017,2018,990EZ,14541 181st St,,Springfield Gardens,NY,Queens,11413,917-837-9119,www.thel026.org,501(c)(3) Public Charity,Ethnic and racial minority rights,,,R22 (Minority Rights),813311,8399,,,N,,http://www.guidestar.org/profile/82-3378707,http://www.guidestar.org/FinDocuments/2018/823/378/2018-823378707-10d71f7d-Z.pdf,$279 ,$279 ,,$279 ,,,,$730 ,,$0 ,$730 ,,$0 ,$0 ,$0 ,$0 ,,,$451 ,,,,,,,,,,,,$0 ,,,,,,,
1 Ghana Project,82-3648374,,,2018,,,11210 4th St Apt 3221,,Rancho Cucamonga,CA,San Bernardino,91730,,,501(c)(3) Public Charity,Arts and culture,,,"A20 (Arts, Cultural Organizations - Multipurpose)",71,,,,,,http://www.guidestar.org/profile/82-3648374,,,,,,,,,,,,,,,,,,,,,,,,,,,,,,,,,,,,,,,
1000 Men Empowerment Group,82-3673370,,,2018,,,PO Box 672414,,Houston,TX,Harris,77267,(281) 545-7500,1000menempowermentgroup.com,501(c)(3) Public Charity,Christianity,Youth organizing,Vocational rehabilitation,J30 (Vocational Rehabilitation (includes Job Training and Employment for Disabled and Elderly)),623990,8361,,,,,http://www.guidestar.org/profile/82-3673370,,,,,,,,,,,,,,,,,,,,,,,,,,,,,,,,,,,,Monica Johnson ,,mjohhnson_1000@yahoo.com,
10400Blip Inc,82-3718967,,,2018,,,10400 S San Pedro St,,Los Angeles,CA,Los Angeles,90003,,,501(c)(3) Public Charity,Retirement housing,,,L22 (Senior Citizens' Housing/Retirement Communities),623312,8361,,,,,http://www.guidestar.org/profile/82-3718967,,,,,,,,,,,,,,,,,,,,,,,,,,,,,,,,,,,,,,,
1 Horse at A Time Draft Horse Rescue Inc,82-3848202,1/1/2019,12/31/2019,2018,2019,990EZ,326 Popham Ln,,Corvallis,MT,Ravalli,59828,(406) 493-4978,www.1horseatatime.com,501(c)(3) Public Charity,Animal welfare,,,D20 (Animal Protection and Welfare (includes Humane Societies and SPCAs)),813312,8399,8699,,,JUNKERMIERCLARKCAMPANELLASTEVENS PC,http://www.guidestar.org/profile/82-3848202,,"$14,673 ","$1,477 ",,"$4,378 ",,,,"$100,758 ","$101,758 ",,"$84,527 ",,,$82 ,"$14,800 ","$10,295 ",,,"$97,365 ",,,,,,,,,,,,$98 ,,,Mrs. Jasmin Shinn ,Mrs. Jasmin Shinn ,President/Founder,drafthorserescue@outlook.com,
10 For 7 Positive Peer Groups,82-4010646,,,2018,,,2760 N Hartung Ave,,Milwaukee,WI,Milwaukee,53210,,,501(c)(3) Private Nonoperating Foundation,Elementary and secondary education,,,"B20 (Elementary, Secondary Ed)",611110,8211,,,,,http://www.guidestar.org/profile/82-4010646,,,,,,,,,,,,,,,,,,,,,,,,,,,,,,,,,,,,,,,
100 People Project Inc,82-4047133,,,2020,,,3450 Pinewalk Dr N,,Margate,FL,Broward,33063,,,501(c)(3) Public Charity,Human services,,,P99 (Human Services - Multipurpose and Other N.E.C.),624190,8322,,,,,http://www.guidestar.org/profile/82-4047133,,,,,,,,,,,,,,,,,,,,,,,,,,,,,,,,,,,,,,,
100 Black Women Columbus,82-4189393,,,2019,,,PO Box 746,,Brice,OH,Franklin,43109,,,501(c)(3) Public Charity,Cultural awareness,,,"A23 (Cultural, Ethnic Awareness)",71,,,,,,http://www.guidestar.org/profile/82-4189393,,,,,,,,,,,,,,,,,,,,,,,,,,,,,,,,,,,,,,,
101 Ways NFP,82-4211136,,,2018,,,2200 Deer Springs Trl,,Belleville,IL,Saint Clair,62221,,,501(c)(3) Public Charity,Personal services,,,P50 (Personal Social Services),624190,8322,,,,,http://www.guidestar.org/profile/82-4211136,,,,,,,,,,,,,,,,,,,,,,,,,,,,,,,,,,,,,,,
1 Route 4 Change Inc,82-4343519,,,2018,,,1126 Otto Graham Ln,,Zion,IL,Lake,60099,,,501(c)(3) Public Charity,Youth organizing,,,O50 (Youth Development Programs),813410,8641,8699,,,,http://www.guidestar.org/profile/82-4343519,,,,,,,,,,,,,,,,,,,,,,,,,,,,,,,,,,,,,,,
1 Starfish,82-4468207,,,2018,,,PO Box 9441,,Moscow,ID,Latah,83843,,https://www.1starfish.org/,501(c)(3) Public Charity,Disaster relief,,,Q33 (International Relief),813311,8399,,,,,http://www.guidestar.org/profile/82-4468207,,,,,,,,,,,,,,,,,,,,,,,,,,,,,,,,,,,Nancy Maxeiner ,Nancy Maxeiner ,,teamlagonave@1starfish.org,
10-Sec,82-4496207,2/1/2018,12/31/2018,2019,2018,990PF,2153 Dougs Way,,Heiskell,TN,Knox,37754,865-243-5912,,501(c)(3) Private Nonoperating Foundation,Science,,,"U03 (Professional Societies, Associations)",813920,8621,,,,,http://www.guidestar.org/profile/82-4496207,http://www.guidestar.org/FinDocuments/2018/824/496/2018-824496207-17072671-F.pdf,$0 ,$0 ,$0 ,$0 ,,,,$547 ,$546 ,$0 ,$0 ,,,,,$0 ,,,$285 ,,,,$0 ,,,,$0 ,,$0 ,$0 ,$99 ,,,,,,,
100 Young Kings & Queens Inc,82-4528274,,,2018,,,PO Box 1671,,Griffin,GA,Spalding,30224,,,501(c)(3) Public Charity,Civics for youth,,,"O54 (Citizenship Programs, Youth Development)",813410,8641,8699,,,,http://www.guidestar.org/profile/82-4528274,,,,,,,,,,,,,,,,,,,,,,,,,,,,,,,,,,,,,,,
1000 Steps Fellows Inc,82-4598461,2/22/2018,12/31/2018,2018,2018,990PF,42 Tiffany Pl Apt 5a,,Brooklyn,NY,Kings,11231,347-596-9670,,501(c)(3) Private Operating Foundation,Foundations,,,T20 (Private Grantmaking Foundations),813211,6732,,,,,http://www.guidestar.org/profile/82-4598461,http://www.guidestar.org/FinDocuments/2018/824/598/2018-824598461-10b4fe77-F.pdf,"$5,400 ","$5,400 ",,($50),,,,"$28,133 ","$30,000 ",$0 ,,,,,,"$5,450 ",,,"$28,183 ",,,,,,,,,,"$15,209 ",,$223 ,,,,,,,
10 Pin Youth Scholarship Program,82-4629296,,,2018,,,PO Box 417,,New London,MN,Kandiyohi,56273,,,501(c)(3) Public Charity,Youth development,,,O99 (Other Youth Development N.E.C.),624110,8322,,,,,http://www.guidestar.org/profile/82-4629296,,,,,,,,,,,,,,,,,,,,,,,,,,,,,,,,,,,,,,,
00 Movement Inc,82-4704419,,,2018,,,713 Crooked Oak Dr,,Pensacola,FL,Escambia,32514,(850) 316-1013,Www.00movement.org,501(c)(3) Public Charity,Christianity,,,X20 (Christian),813110,8661,,,,,http://www.guidestar.org/profile/82-4704419,,,,,,,,,,,,,,,,,,,,,,,,,,,,,,,,,,,Mr John Wright Melton ,Mr. John Melton ,President,Johnmelton28@gmail.com,
1 Plastic Life,82-4751909,2/15/2018,12/31/2018,2018,2018,990EZ,4300 STILLWELL AVE,,LOS ANGELES,CA,Los Angeles,90032,(323) 500-5302,https://1plasticlife.org/,501(c)(3) Public Charity,Recycling,Job training,,C27 (Recycling),813312,8399,8699,,,TAX CHIEF MULTISERVICES,http://www.guidestar.org/profile/82-4751909,http://www.guidestar.org/FinDocuments/2018/824/751/2018-824751909-1132f739-Z.pdf,"$4,361 ","$1,630 ",,"$4,349 ",,,,"$3,801 ","$3,801 ",,"$3,801 ",,,,,$12 ,,,"$1,203 ",,,,,,,,,,,,$128 ,,,Armando Ochoa ,Armando Ochoa ,Ceo,1plasticlife@gmail.com,
100Prayers,82-4930766,1/1/2018,12/31/2018,2018,2018,990PF,1024 N Utah St Apt 326,,Arlington,VA,Arlington,22201,571-814-8393,,501(c)(3) Private Nonoperating Foundation,Christianity,,,X20 (Christian),813110,8661,,,,,http://www.guidestar.org/profile/82-4930766,http://www.guidestar.org/FinDocuments/2018/824/930/2018-824930766-10b58928-F.pdf,$0 ,$0 ,,$0 ,,,,$562 ,$561 ,,$0 ,,,,,$0 ,,,$0 ,,,,,,,,,,,,,,,,,,,
10 Chefs Inc,82-4993802,1/1/2019,12/31/2019,2019,2019,990,PO Box 110984,,Anchorage,AK,Anchorage,99511,907-952-1885,https://www.10chefsforcauses.org/,501(c)(3) Public Charity,Philanthropy,,,T12 (Fund Raising and/or Fund Distribution),813219,8399,,N,,,http://www.guidestar.org/profile/82-4993802,,"$9,456 ","$9,456 ",,"$9,456 ",,,"$9,456 ","$299,719 ","$569,438 ",,"$299,719 ",$0 ,$0 ,,$0 ,$0 ,$0 ,,"$295,363 ","$251,600 ","$4,102 ","$39,661 ",$385 ,$659 ,$945 ,,,,$250 ,,,,Gillian Brinnand-Nannestad,,,,,0
100 Black Men of Akron Inc,82-5078135,,,2018,,,220 S Balch St,,Akron,OH,Summit,44302,,,501(c)(3) Public Charity,Youth organizing,,,O50 (Youth Development Programs),813410,8641,8699,,,,http://www.guidestar.org/profile/82-5078135,,,,,,,,,,,,,,,,,,,,,,,,,,,,,,,,,,,,,,,
101 Rescue Club Ltd,82-5137075,,,2020,,,PO Box 712,,Westhampton Beach,NY,Suffolk,11978,,,501(c)(19) (Post or Organizations of War Veterans),Special population support,,,W30 (Military/Veterans' Organizations),813410,8641,8699,,,,http://www.guidestar.org/profile/82-5137075,,,,,,,,,,,,,,,,,,,,,,,,,,,,,,,,,,,,,,,
"1 Step Further Community Center, Inc.",82-5319562,1/1/2019,12/31/2019,2019,2019,990EZ,225 Matlage Way Unit 3156,,Sugar Land,TX,Fort Bend,77487,(702) 846-9271,https://1stepfurthercommunitycenterinc.yolasite.com,501(c)(3) Public Charity,Community improvement,Family services,,P40 (Family Services),624190,8322,,,,,http://www.guidestar.org/profile/82-5319562,http://www.guidestar.org/FinDocuments/2018/825/319/2018-825319562-113bd832-Z.pdf,$938 ,$938 ,,$938 ,,,,$938 ,$938 ,$0 ,$938 ,,$0 ,$0 ,$0 ,$0 ,,,$0 ,,,,,,,,,,,,$0 ,,,"Larrietta Mack 1 Step Further Community Center, Inc.",Mrs. Larrietta Mack ,President/Founder,onestepfurthercc@yahoo.com,
100 Club of Lake & Porter Counties Inc,82-5329312,,,2018,,,200 W 84th Dr Ste C,,Merrillville,IN,Lake,46410,,,501(c)(3) Public Charity,Victim aid,,,P62 (Victims' Services),624190,8322,,,,,http://www.guidestar.org/profile/82-5329312,,,,,,,,,,,,,,,,,,,,,,,,,,,,,,,,,,,,,,,
1-1 Foundation,82-5352913,,,2018,,,1012 Old Ware Rd,,Wetumpka,AL,Elmore,36093,(251) 217-9110,,501(c)(3) Public Charity,Education,Mental health care,Christianity,B03 (Professional Societies & Associations),813920,8621,,,,,http://www.guidestar.org/profile/82-5352913,,,,,,,,,,,,,,,,,,,,,,,,,,,,,,,,,,,John Gallups ,John Gallups ,President,one2onefoundation@yahoo.com,
1 Passion Corp,83-0682097,,,2019,,,4851 W Hillsboro Blvd Ste A2,,Coconut Creek,FL,Broward,33073,,,501(c)(3) Public Charity,Christianity,,,X20 (Christian),813110,8661,,,,,http://www.guidestar.org/profile/83-0682097,,,,,,,,,,,,,,,,,,,,,,,,,,,,,,,,,,,,,,,
100Th of the 19Th,83-0784286,,,2018,,,13510 E Mount Vernon Rd,,Wichita,KS,Sedgwick,67230,,,501(c)(3) Public Charity,Commemorations,,,A84 (Commemorative Events),712120,8412,,,,,http://www.guidestar.org/profile/83-0784286,,,,,,,,,,,,,,,,,,,,,,,,,,,,,,,,,,,,,,,
100 Coaches Pay-It-Forward Institute,83-0797494,,,2020,,,PO Box 9735,,Rancho Santa Fe,CA,San Diego,92067,,,501(c)(3) Public Charity,Public safety,,,B99 (Education N.E.C.),611,,,,,,http://www.guidestar.org/profile/83-0797494,,,,,,,,,,,,,,,,,,,,,,,,,,,,,,,,,,,,,,,
1 Way Truth Inc,83-0819998,,,2018,,,9167 Colmart St,,Spring Hill,FL,Hernando,34608,,,501(c)(3) Public Charity,Community improvement,,,"S20 (Community, Neighborhood Development, Improvement)",813410,8641,8699,,,,http://www.guidestar.org/profile/83-0819998,,,,,,,,,,,,,,,,,,,,,,,,,,,,,,,,,,,,,,,
06 Legacy,83-0881316,,,2019,,,950 W University Dr Ste 300,,Rochester,MI,Oakland,48307,,,501(c)(4) (Civic Leagues and Social Welfare Organizations),Domesticated animals,,,D01 (Alliance/Advocacy Organizations),813319,8399,8641,,,,http://www.guidestar.org/profile/83-0881316,,,,,,,,,,,,,,,,,,,,,,,,,,,,,,,,,,,,,,,
1 More 24 Inc,83-0882164,,,2018,,,1652 W Lindberg St,,Springfield,MO,Greene,65807,,,501(c)(3) Public Charity,Substance abuse treatment,,,"F22 (Alcohol, Drug Abuse (Treatment Only))",623220,8361,,,,,http://www.guidestar.org/profile/83-0882164,,,,,,,,,,,,,,,,,,,,,,,,,,,,,,,,,,,,,,,
100X Harvest Inc,83-0923216,1/1/2018,12/31/2018,2019,2018,990,777 Post Oak Blvd Ste 255,,Houston,TX,Harris,77056,972-379-9435,,501(c)(3) Public Charity,Religion,,,X12 (Fund Raising and/or Fund Distribution),813219,8399,,,,PAUL L PEVETO CPA,http://www.guidestar.org/profile/83-0923216,http://www.guidestar.org/FinDocuments/2018/830/923/2018-830923216-16990832-9.pdf,"$8,980 ","$8,980 ",,"($2,078)",,,"($2,078)","$66,384 ","$66,384 ",,"$66,384 ",,,,,"$11,058 ","$7,133 ",,"$68,462 ",$0 ,$0 ,"$68,462 ",,"$2,330 ",$145 ,,,,"$6,570 ",,,,TIMOTHY J DOSCH,,,,,0
1000 Orphans,83-1106389,,,2018,,,981 W Arrow Hwy Ste 221,,San Dimas,CA,Los Angeles,91773,,1000orphans.org,501(c)(3) Public Charity,Animal welfare,,,D20 (Animal Protection and Welfare (includes Humane Societies and SPCAs)),813312,8399,8699,,,,http://www.guidestar.org/profile/83-1106389,,,,,,,,,,,,,,,,,,,,,,,,,,,,,,,,,,,,,,,
100 Plus Heartbeats for Patches Inc,83-1148780,1/1/2018,12/31/2018,2018,2018,990,6850 SW 119th St,,Pinecrest,FL,Miami-Dade,33156,305-495-4833,N/A,501(c)(3) Public Charity,Youth development,,,O12 (Fund Raising and/or Fund Distribution),813219,8399,,N,,Steven S Sapp CPA,http://www.guidestar.org/profile/83-1148780,http://www.guidestar.org/FinDocuments/2018/831/148/2018-831148780-17027083-9.pdf,"$8,313 ","$8,313 ",,"$6,719 ",,,"$6,719 ","$73,219 ","$73,219 ",,"$73,219 ",,,,,"$1,594 ",$0 ,,"$66,500 ","$22,837 ",$0 ,"$43,663 ",,$20 ,,,,,,,,,Jennifer Resnick,,,,,0
1 Corinthians 13 3 Foundation Inc,83-1168465,,,2019,,,4320 VINE ST STE 80 # 125,,HAYS,KS,Ellis,67601,,,501(c)(3) Private Nonoperating Foundation,Religion,,,X12 (Fund Raising and/or Fund Distribution),813219,8399,,,,,http://www.guidestar.org/profile/83-1168465,,,,,,,,,,,,,,,,,,,,,,,,,,,,,,,,,,,,,,,
100Words,83-1333587,,,2018,,,PO Box 16154,,Sugar Land,TX,Fort Bend,77496,,,501(c)(3) Public Charity,Human rights,,,R12 (Fund Raising and/or Fund Distribution),813219,8399,,,,,http://www.guidestar.org/profile/83-1333587,,,,,,,,,,,,,,,,,,,,,,,,,,,,,,,,,,,,,,,
08 Wicked Stix Softball,83-1425901,,,2018,,,2799 Lemontree Cir,,Springdale,AR,Washington,72762,,,501(c)(3) Public Charity,Baseball and softball,,,"N63 (Baseball, Softball (includes Little Leagues))",713990,7911,7993,,,,http://www.guidestar.org/profile/83-1425901,,,,,,,,,,,,,,,,,,,,,,,,,,,,,,,,,,,,,,,
1 By One Inc,83-1462445,,,2018,,,20330 Lace Cascade Rd,,Land O Lakes,FL,Pasco,34637,,,501(c)(3) Public Charity,Christianity,,,X20 (Christian),813110,8661,,,,,http://www.guidestar.org/profile/83-1462445,,,,,,,,,,,,,,,,,,,,,,,,,,,,,,,,,,,,,,,
10 Lords-a-Leaping,83-1472545,,,2018,,,7057 Wingate Cir,,West Bend,WI,Washington,53090,,,501(c)(3) Public Charity,Human services,,,P20 (Human Service Organizations),624190,8322,,,,,http://www.guidestar.org/profile/83-1472545,,,,,,,,,,,,,,,,,,,,,,,,,,,,,,,,,,,,,,,
1000 Books For,83-1635456,,,2018,,,1507b Terrapin Ct,,Austin,TX,Travis,78746,,,501(c)(3) Public Charity,Student services,,,B80 (Student Services and Organizations),611710,8299,8748,,,,http://www.guidestar.org/profile/83-1635456,,,,,,,,,,,,,,,,,,,,,,,,,,,,,,,,,,,,,,,
1-160Th Field Artillery Officer and Enlisted Association,83-1704364,,,2018,,,800 Thunderbird Rd,,Chandler,OK,Lincoln,74834,,,501(c)(3) Public Charity,Special population support,,,W30 (Military/Veterans' Organizations),813410,8641,8699,,,,http://www.guidestar.org/profile/83-1704364,,,,,,,,,,,,,,,,,,,,,,,,,,,,,,,,,,,,,,,
(ISC) Huntsville Chapter,83-1924657,,,2018,,,3710 Aerobee Rd Unit 8763,,Huntsville,AL,Madison,35808,,www.ISC2-HuntsvilleChapter.org,501(c)(3) Public Charity,Employment,,,"J03 (Professional Societies, Associations)",813920,8621,,,,,http://www.guidestar.org/profile/83-1924657,,,,,,,,,,,,,,,,,,,,,,,,,,,,,,,,,,,Charles Hummer ,Noel Henry ,Treasurer,noel.henry@isc2-huntsvillechapter.org,
100 Life Consortium,83-1941849,,,2018,,,PO Box 452781,,Los Angeles,CA,Los Angeles,90045,,,501(c)(3) Public Charity,Public affairs,,,"W99 (Public, Society Benefit - Multipurpose and Other N.E.C.)",813410,8641,8699,,,,http://www.guidestar.org/profile/83-1941849,,,,,,,,,,,,,,,,,,,,,,,,,,,,,,,,,,,,,,,
1 At A Time Inc,83-2125248,,,2018,,,3409 N 35th Pl,,Phoenix,AZ,Maricopa,85018,,,501(c)(3) Public Charity,Adoption,,,P31 (Adoption),624110,8322,,,,,http://www.guidestar.org/profile/83-2125248,,,,,,,,,,,,,,,,,,,,,,,,,,,,,,,,,,,,,,,
1 Nation Under Grace Inc,83-2162699,,,2019,,,5200 Beaver Creek Ave,,Denton,TX,Denton,76207,,,501(c)(3) Public Charity,Human services,,,P20 (Human Service Organizations),624190,8322,,,,,http://www.guidestar.org/profile/83-2162699,,,,,,,,,,,,,,,,,,,,,,,,,,,,,,,,,,,,,,,
100 Percent Approved Corporation,83-2210451,,,2018,,,8293 N Teutonia Ave,,Milwaukee,WI,Milwaukee,53209,,,501(c)(3) Public Charity,Environment,,,C03 (Professional Societies & Associations),813920,8621,,,,,http://www.guidestar.org/profile/83-2210451,,,,,,,,,,,,,,,,,,,,,,,,,,,,,,,,,,,,,,,
100 Schools,83-2219448,,,2018,,,PO Box 282,,Lawrence,KS,Douglas,66044,,,501(c)(3) Public Charity,International development,,,"Q30 (International Development, Relief Services)",813311,8399,,,,,http://www.guidestar.org/profile/83-2219448,,,,,,,,,,,,,,,,,,,,,,,,,,,,,,,,,,,,,,,
1 Dog at A Time,83-2261437,,,2018,,,6218 S 65th Dr,,Laveen,AZ,Maricopa,85339,,,501(c)(3) Public Charity,Animal welfare,,,D20 (Animal Protection and Welfare (includes Humane Societies and SPCAs)),813312,8399,8699,,,,http://www.guidestar.org/profile/83-2261437,,,,,,,,,,,,,,,,,,,,,,,,,,,,,,,,,,,,,,,
"Who Am I?""  Youth Outreach""",83-2476323,,,2019,,,91-288 Makalea St,,Ewa Beach,HI,Honolulu,96706,,https://www.whoamiministries.com,501(c)(3) Public Charity,Religion for youth,,,"O55 (Religious Leadership, Youth Development)",813410,8641,8699,,,,http://www.guidestar.org/profile/83-2476323,,,,,,,,,,,,,,,,,,,,,,,,,,,,,,,,,,,,Tanya Pearce ,CEO,whoamiyouthoutreach.hawaii@gmail.com,
1 Fc Altadena,83-2503656,,,2019,,,2715 Scripps Pl,,Altadena,CA,Los Angeles,91001,,,501(c)(3) Public Charity,European football,,,N64 (Soccer Clubs/Leagues),713990,7911,7993,,,,http://www.guidestar.org/profile/83-2503656,,,,,,,,,,,,,,,,,,,,,,,,,,,,,,,,,,,,,,,
10000 Entrepreneurs Inc,83-2744892,,,2019,,,788 Elm St,,Manchester,NH,Hillsborough,03101,,,501(c)(3) Public Charity,Education,,,"B82 (Scholarships, Student Financial Aid, Awards)",813410,8641,8699,,,,http://www.guidestar.org/profile/83-2744892,,,,,,,,,,,,,,,,,,,,,,,,,,,,,,,,,,,,,,,
100 Real Arts Youth Corporation,83-2756156,,,2019,,,6904 Pleasant Grove Rd,,Charlotte,NC,Mecklenburg,28216,,,501(c)(3) Public Charity,Substance abuse treatment,,,"F22 (Alcohol, Drug Abuse (Treatment Only))",623220,8361,,,,,http://www.guidestar.org/profile/83-2756156,,,,,,,,,,,,,,,,,,,,,,,,,,,,,,,,,,,,,,,
10000 Fearless First Responders,83-2790241,,,2020,,,2206 Joshua Cv,,Round Rock,TX,Williamson,78665,,,501(c)(3) Public Charity,Disasters and emergency management,,,B99 (Education N.E.C.),611,,,,,,http://www.guidestar.org/profile/83-2790241,,,,,,,,,,,,,,,,,,,,,,,,,,,,,,,,,,,,,,,
100 Men Who Give A Damn East Dallas,83-3059561,,,2019,,,9540 Park Highlands Dr,,Dallas,TX,Dallas,75238,,,501(c)(3) Public Charity,Human services,,,P20 (Human Service Organizations),624190,8322,,,,,http://www.guidestar.org/profile/83-3059561,,,,,,,,,,,,,,,,,,,,,,,,,,,,,,,,,,,,,,,
10000 Lunches,83-3094464,1/1/2019,12/31/2019,2019,2019,990EZ,675 Carroll Dr,,Moraga,CA,Contra Costa,94556,925-949-6339,,501(c)(3) Public Charity,Youth organizing,,,O50 (Youth Development Programs),813410,8641,8699,,,,http://www.guidestar.org/profile/83-3094464,,"$5,315 ","$5,315 ",,"$5,315 ",,,,"$6,745 ","$90,612 ",$0 ,"$1,511 ",,"$5,234 ",$0 ,$0 ,$0 ,,,"$1,430 ",,,,,,,,,,,,$5 ,,,,,,,
1 Step at A Time SAAT Support Services,83-3144740,,,2019,,,92 Clemens Dr,,Dillsburg,PA,York,17019,,,501(c)(3) Public Charity,Human services,,,P20 (Human Service Organizations),624190,8322,,,,,http://www.guidestar.org/profile/83-3144740,,,,,,,,,,,,,,,,,,,,,,,,,,,,,,,,,,,,,,,
1 Putnam Inc,83-3163242,,,2019,,,906 S State Road 19,,Palatka,FL,Putnam,32177,,,501(c)(3) Public Charity,Community improvement,,,"S20 (Community, Neighborhood Development, Improvement)",813410,8641,8699,,,,http://www.guidestar.org/profile/83-3163242,,,,,,,,,,,,,,,,,,,,,,,,,,,,,,,,,,,,,,,
100 Women Who Give A Damn Mid Valley,83-3272073,,,2019,,,260 S Texas Blvd Ste 400,,Weslaco,TX,Hidalgo,78596,,,501(c)(3) Public Charity,Philanthropy,,,T01 (Alliance/Advocacy Organizations),813319,8399,8641,,,,http://www.guidestar.org/profile/83-3272073,,,,,,,,,,,,,,,,,,,,,,,,,,,,,,,,,,,,,,,
102Nd Promenade Nationale La Societe Des 40 Hommes Et 8 Chevaux,83-3407771,,,1939,,,2045 GRANADA DR,,FLORISSANT,MO,Saint Louis,63033,,,501(c)(19) (Post or Organizations of War Veterans),,,,,,,,,,,http://www.guidestar.org/profile/83-3407771,,,,,,,,,,,,,,,,,,,,,,,,,,,,,,,,,,,,,,,
1028 & Me,83-3433597,,,2019,,,304 Joe Gilliam St,,Winchester,KY,Clark,40391,,,501(c)(3) Public Charity,Youth development,,,O01 (Alliance/Advocacy Organizations),813319,8399,8641,,,,http://www.guidestar.org/profile/83-3433597,,,,,,,,,,,,,,,,,,,,,,,,,,,,,,,,,,,,,,,
1-2-1 Impact,83-3469216,,,2019,,,1171 N 17th Ave,,Blair,NE,Washington,68008,,,501(c)(3) Public Charity,Religion,,,"X99 (Religion Related, Spiritual Development N.E.C.)",813110,8661,,,,,http://www.guidestar.org/profile/83-3469216,,,,,,,,,,,,,,,,,,,,,,,,,,,,,,,,,,,,,,,
1 A Ray of Hope A Non-Profit Corporation,83-3605440,,,2019,,,700 Saint Christopher Dr Ste 100,,Ashland,KY,Boyd,41101,,,501(c)(3) Public Charity,Human services,,,P20 (Human Service Organizations),624190,8322,,,,,http://www.guidestar.org/profile/83-3605440,,,,,,,,,,,,,,,,,,,,,,,,,,,,,,,,,,,,,,,
1000 Churches,83-3624182,,,2019,,,6416 SANTA ROSA DR,,PLANO,TX,Collin,75024,,,501(c)(3) Public Charity,Religion,,,"X99 (Religion Related, Spiritual Development N.E.C.)",813110,8661,,,,,http://www.guidestar.org/profile/83-3624182,,,,,,,,,,,,,,,,,,,,,,,,,,,,,,,,,,,,,,,
10 In 10 Inc,83-3716062,,,2019,,,PO Box 5451,,Charleston,WV,Kanawha,25361,,,501(c)(3) Private Nonoperating Foundation,Arts and culture,,,"A20 (Arts, Cultural Organizations - Multipurpose)",71,,,,,,http://www.guidestar.org/profile/83-3716062,,,,,,,,,,,,,,,,,,,,,,,,,,,,,,,,,,,,,,,
1-17 Infantry Memorial Fund Inc,83-3765466,,,2019,,,530 Mountain Way NE,,Atlanta,GA,Fulton,30342,,,501(c)(3) Public Charity,Education,,,"B82 (Scholarships, Student Financial Aid, Awards)",813410,8641,8699,,,,http://www.guidestar.org/profile/83-3765466,,,,,,,,,,,,,,,,,,,,,,,,,,,,,,,,,,,,,,,
10-7 at Big Land,83-3792428,,,2019,,,10264 N Frontage Rd,,Yuma,AZ,Yuma,85365,,,501(c)(3) Public Charity,Camps,,,"N20 (Recreational and Sporting Camps (Day, Overnight, etc.))",624110,8322,,,,,http://www.guidestar.org/profile/83-3792428,,,,,,,,,,,,,,,,,,,,,,,,,,,,,,,,,,,,,,,
100 Women Who Care Southern Nevada,83-3910233,,,2019,,,3355 S TOWN CENTER DR APT 2017,,LAS VEGAS,NV,Clark,89135,,,501(c)(3) Public Charity,Foundations,,,T70 (Fund Raising Organizations That Cross Categories includes Community Funds/Trusts and Federated Giving Programs) e.g. United Way),813219,8399,,,,,http://www.guidestar.org/profile/83-3910233,,,,,,,,,,,,,,,,,,,,,,,,,,,,,,,,,,,,,,,
1000 Mermaids Project Corp.,83-4231286,,,2019,,,501 SE 2nd St,Apt 637,Fort Lauderdale,FL,Broward,33301,(954) 242-0655,https://www.1000mermaids.com,501(c)(3) Public Charity,Environment,Natural resources,,"C99 (Environmental Quality, Protection, and Beautification N.E.C.)",813312,8399,8699,,,,http://www.guidestar.org/profile/83-4231286,,,,,,,,,,,,,,,,,,,,,,,,,,,,,,,,,,,,Evan Snow ,Executive Director,Info@1000mermaids.com,
10-16 Completely Loved,83-4255643,,,2019,,,4083 W Avenue L # 125,,Lancaster,CA,Los Angeles,93536,,,501(c)(3) Public Charity,Human services,,,P99 (Human Services - Multipurpose and Other N.E.C.),624190,8322,,,,,http://www.guidestar.org/profile/83-4255643,,,,,,,,,,,,,,,,,,,,,,,,,,,,,,,,,,,,,,,
100 Club of Kane County Inc,83-4462561,,,2019,,,800 E Wilson St,,Batavia,IL,Kane,60510,,,501(c)(3) Public Charity,Public safety,,,M01 (Alliance/Advocacy Organizations),813319,8399,8641,,,,http://www.guidestar.org/profile/83-4462561,,,,,,,,,,,,,,,,,,,,,,,,,,,,,,,,,,,,,,,
#TeenWritersProject,83-4475042,,,2019,,,539 W Commerce St Ste 542,,Dallas,TX,Dallas,75208,,http://www.teenwritersproject.org,501(c)(3) Public Charity,Cultural awareness,Secondary education,Youth organizing,O50 (Youth Development Programs),813410,8641,8699,,,,http://www.guidestar.org/profile/83-4475042,,,,,,,,,,,,,,,,,,,,,,,,,,,,,,,,,,,delmetria millener ,delmetria millener ,,letswrite@teenwritersproject.org,
10 Minute Salvation Inc,83-4524900,,,2019,,,12424 W 62nd Ter,,Shawnee,KS,Johnson,66216,,,501(c)(3) Public Charity,Christianity,,,X20 (Christian),813110,8661,,,,,http://www.guidestar.org/profile/83-4524900,,,,,,,,,,,,,,,,,,,,,,,,,,,,,,,,,,,,,,,
1023 Group,83-4661845,,,2019,,,127 S Main St,,Butler,PA,Butler,16001,,,501(c)(3) Public Charity,Human services management,,,P02 (Management & Technical Assistance),541618,8748,,,,,http://www.guidestar.org/profile/83-4661845,,,,,,,,,,,,,,,,,,,,,,,,,,,,,,,,,,,,,,,
02924 Camp,84-0408394,,,1939,,,604 N 4th Ave,,Sterling,CO,Logan,80751,,,501(c)(8) (Fraternal Beneficiary Societies),Education,,,B99 (Education N.E.C.),611,,,,,,http://www.guidestar.org/profile/84-0408394,,,,,,,,,,,,,,,,,,,,,,,,,,,,,,,,,,,,,,,
0052 University of Colorado,84-1231021,,,2012,,,117 Manhattan Dr,,Boulder,CO,Boulder,80303,,,501(c)(3) Public Charity,Philanthropy,,,T50 (Philanthropy / Charity / Voluntarism Promotion (General)),813219,8399,,,,,http://www.guidestar.org/profile/84-1231021,,,,,,,,,,,,,,,,,,,,,,,,,,,,,,,,,,,,,,,
1000 Friends of Colorado Inc,84-1294134,1/1/2019,12/31/2019,1995,2019,990EZ,2323 20th St,,Boulder,CO,Boulder,80304,303-345-4004,,501(c)(3) Public Charity,Environment,,,C01 (Alliance/Advocacy Organizations),813319,8399,8641,,,,http://www.guidestar.org/profile/84-1294134,http://www.guidestar.org/FinDocuments/2017/841/294/2017-841294134-113eca33-Z.pdf,$0 ,$0 ,,$0 ,,,,$0 ,,,$0 ,,,,,$0 ,,,$0 ,,,,,,,,,,,,$0 ,,,,,,,
100 Black Men of Denver Inc,84-1319105,,,1996,,,PO Box 762,,Erie,CO,Boulder,80516,,,501(c)(3) Public Charity,Community service,,,I21 (Delinquency Prevention),624110,8322,,,,,http://www.guidestar.org/profile/84-1319105,http://www.guidestar.org/FinDocuments/2013/841/319/2013-841319105-0b97141d-Z.pdf,,,,,,,,,,,,,,,,,,,,,,,,,,,,,,,,,,,,,,
100 Club of Montezuma County,84-1480553,,,2001,,,PO BOX 1101,,CORTEZ,CO,Montezuma,81321,,,501(c)(3) Public Charity,Basic and emergency aid,,,"P60 (Emergency Assistance (Food, Clothing, Cash))",624230,8322,,,,,http://www.guidestar.org/profile/84-1480553,,,,,,,,,,,,,,,,,,,,,,,,,,,,,,,,,,,,,,,
1 Percent for Open Space Inc,84-1576444,1/1/2018,12/31/2018,2001,2018,990EZ,PO Box 1974,,Crested Butte,CO,Gunnison,81224,970-349-1775,N/A,501(c)(3) Public Charity,Environment,,,C05 (Research Institutes and/or Public Policy Analysis),541720,8733,8732,,,DOUGLAS B GORMAN PC,http://www.guidestar.org/profile/84-1576444,http://www.guidestar.org/FinDocuments/2018/841/576/2018-841576444-17029125-Z.pdf,"$294,504 ","$294,504 ",,"$290,792 ",,,,"$92,815 ","$92,815 ",$632 ,"$92,155 ",,$0 ,$0 ,$0 ,"$3,712 ",,,"$48,628 ",,,,,,,,,,,,$193 ,,,,,,,
100 Black Men of Greater Auburn Opelika Inc,84-1676664,,,2014,,,650 Jeter Ave,,Opelika,AL,Lee,36801,,,501(c)(3) Public Charity,Education,,,"B82 (Scholarships, Student Financial Aid, Awards)",813410,8641,8699,,,,http://www.guidestar.org/profile/84-1676664,http://www.guidestar.org/FinDocuments/2011/841/676/2011-841676664-0824aec3-Z.pdf,,,,,,,,,,,,,,,,,,,,,,,,,,,,,,,,,,,,,,
100 Youth That Care,84-1836930,,,2019,,,12071 Concord Hambden Rd,,Concord Twp,OH,Lake,44077,,,501(c)(3) Public Charity,Youth organizing,,,O50 (Youth Development Programs),813410,8641,8699,,,,http://www.guidestar.org/profile/84-1836930,,,,,,,,,,,,,,,,,,,,,,,,,,,,,,,,,,,,,,,
1000 Islands Regional Local Development Corporation,84-1988435,,,2020,,,22867 County Route 67,,Watertown,NY,Jefferson,13601,,,501(c)(3) Public Charity,Job counseling,,,B99 (Education N.E.C.),611,,,,,,http://www.guidestar.org/profile/84-1988435,,,,,,,,,,,,,,,,,,,,,,,,,,,,,,,,,,,,,,,
1 Cp Sports Plus,84-2143077,,,2020,,,7709 San Jacinto Pl Ste 203,,Plano,TX,Collin,75024,,,501(c)(3) Public Charity,Sports,,,"N60 (Amateur Sports Clubs, Leagues, N.E.C.)",713990,7911,7993,,,,http://www.guidestar.org/profile/84-2143077,,,,,,,,,,,,,,,,,,,,,,,,,,,,,,,,,,,,,,,
1 Michigan for the Global Majority Inc,84-2249717,,,2019,,,1920 Scotten St,,Detroit,MI,Wayne,48209,,,501(c)(3) Public Charity,Community organizing,,,S21 (Community Coalitions),813410,8641,8699,,,,http://www.guidestar.org/profile/84-2249717,,,,,,,,,,,,,,,,,,,,,,,,,,,,,,,,,,,,,,,
100 Plus Women Who Care Northern Door County Inc,84-2307610,,,2019,,,7442 Mariner Rd,,Egg Harbor,WI,Door,54209,,,501(c)(3) Public Charity,Philanthropy,,,T50 (Philanthropy / Charity / Voluntarism Promotion (General)),813219,8399,,,,,http://www.guidestar.org/profile/84-2307610,,,,,,,,,,,,,,,,,,,,,,,,,,,,,,,,,,,,,,,
100 Fold,84-2351002,,,2020,,,2960 PELHAM PKWY UNIT 1371,,PELHAM,AL,Shelby,35124,,,501(c)(3) Public Charity,Domestic violence shelters,,,P43 (Family Violence Shelters and Services),624221,8322,,,,,http://www.guidestar.org/profile/84-2351002,,,,,,,,,,,,,,,,,,,,,,,,,,,,,,,,,,,,,,,
1-3-4 Ministries,84-2462352,,,2019,,,8133 Outer Lincoln Ave,,Newburgh,IN,Warrick,47630,,,501(c)(3) Public Charity,Christianity,,,X20 (Christian),813110,8661,,,,,http://www.guidestar.org/profile/84-2462352,,,,,,,,,,,,,,,,,,,,,,,,,,,,,,,,,,,,,,,
100 Women Strong Ohio Inc,84-2583941,,,2019,,,102 1st St Ste 204,,Hudson,OH,Summit,44236,,,501(c)(3) Public Charity,Philanthropy,,,T50 (Philanthropy / Charity / Voluntarism Promotion (General)),813219,8399,,,,,http://www.guidestar.org/profile/84-2583941,,,,,,,,,,,,,,,,,,,,,,,,,,,,,,,,,,,,,,,
100 Donors Inc,84-2667653,,,2020,,,56 Yonkers Ave,,Tuckahoe,NY,Westchester,10707,,,501(c)(3) Public Charity,Foundations,,,T20 (Private Grantmaking Foundations),813211,6732,,,,,http://www.guidestar.org/profile/84-2667653,,,,,,,,,,,,,,,,,,,,,,,,,,,,,,,,,,,,,,,
07 in Heaven Memorial Scholarship,84-2674654,,,2020,,,W664 Kearney Rd,,Burlington,WI,Racine,53105,,,501(c)(3) Private Nonoperating Foundation,Education,,,"B82 (Scholarships, Student Financial Aid, Awards)",813410,8641,8699,,,,http://www.guidestar.org/profile/84-2674654,,,,,,,,,,,,,,,,,,,,,,,,,,,,,,,,,,,,,,,
101 Fathers of America Inc,84-2784153,,,2019,,,202 E Colonial Dr Ste B,,Orlando,FL,Orange,32801,,,501(c)(3) Public Charity,Youth organizing,,,O50 (Youth Development Programs),813410,8641,8699,,,,http://www.guidestar.org/profile/84-2784153,,,,,,,,,,,,,,,,,,,,,,,,,,,,,,,,,,,,,,,
100 Dollar Art Show Incorporated,84-2810488,,,2020,,,10 North St Apt 2,,Middletown,NY,Orange,10940,,,501(c)(3) Public Charity,Arts and culture,,,"A99 (Other Art, Culture, Humanities Organizations/Services N.E.C.)",71,,,,,,http://www.guidestar.org/profile/84-2810488,,,,,,,,,,,,,,,,,,,,,,,,,,,,,,,,,,,,,,,
100 Thousand Foundation,84-2868867,,,2019,,,1142 Cherry St,,Deerfield,IL,Lake,60015,,,501(c)(3) Private Nonoperating Foundation,Foundations,,,T20 (Private Grantmaking Foundations),813211,6732,,,,,http://www.guidestar.org/profile/84-2868867,,,,,,,,,,,,,,,,,,,,,,,,,,,,,,,,,,,,,,,
10 Elm Foundation,84-2933724,,,2020,,,PO Box 105,4 Middleton Road/,Boxford,MA,Essex,01921,(978) 887-6802,http://www.10elmfoundation.org,501(c)(3) Public Charity,Senior services,Human services,,P81 (Senior Centers/Services),624120,8322,,,,,http://www.guidestar.org/profile/84-2933724,,,,,,,,,,,,,,,,,,,,,,,,,,,,,,,,,,,,Elizabeth Murphy ,Board Member,10elmfoundation@gmail.com,
1 Nation of Power,84-2935375,,,2019,,,601 MONROE ST,,VALDOSTA,GA,Lowndes,31601,,,501(c)(3) Public Charity,Youth organizing,,,O50 (Youth Development Programs),813410,8641,8699,,,,http://www.guidestar.org/profile/84-2935375,,,,,,,,,,,,,,,,,,,,,,,,,,,,,,,,,,,,,,,
04 Texas Glory IL - Chicago,84-2975991,,,2019,,,2012 Pebble Beach Dr,,Plainfield,IL,Will,60586,,,501(c)(3) Public Charity,Baseball and softball,,,"N63 (Baseball, Softball (includes Little Leagues))",713990,7911,7993,,,,http://www.guidestar.org/profile/84-2975991,,,,,,,,,,,,,,,,,,,,,,,,,,,,,,,,,,,,,,,
1 Archangel Service Inc,84-2998955,,,2020,,,2723 Colonial Lakes Dr Ste 100,,Missouri City,TX,Fort Bend,77459,,,501(c)(3) Public Charity,Human services,,,P99 (Human Services - Multipurpose and Other N.E.C.),624190,8322,,,,,http://www.guidestar.org/profile/84-2998955,,,,,,,,,,,,,,,,,,,,,,,,,,,,,,,,,,,,,,,
1 Ministries,84-3081725,,,2020,,,342 Pear Tree Ave,,Goodland,FL,Collier,34140,,,501(c)(3) Public Charity,Education,,,B99 (Education N.E.C.),611,,,,,,http://www.guidestar.org/profile/84-3081725,,,,,,,,,,,,,,,,,,,,,,,,,,,,,,,,,,,,,,,
1010 Initiatives,84-3084307,,,2019,,,10 Tallawood Ln,,Elgin,SC,Kershaw,29045,,,501(c)(3) Public Charity,Music,,,A68 (Music),711130,7929,,,,,http://www.guidestar.org/profile/84-3084307,,,,,,,,,,,,,,,,,,,,,,,,,,,,,,,,,,,,,,,
1 Of Us,84-3212936,,,2019,,,6320 Burbank Crossing Loop,,Montgomery,AL,Montgomery,36117,,,501(c)(3) Public Charity,Religion,,,X12 (Fund Raising and/or Fund Distribution),813219,8399,,,,,http://www.guidestar.org/profile/84-3212936,,,,,,,,,,,,,,,,,,,,,,,,,,,,,,,,,,,,,,,
1 Body Ministries,84-3327707,,,2020,,,5708 W Treasure Cove Loop,,Tucson,AZ,Pima,85713,,,501(c)(3) Public Charity,Christianity,,,X20 (Christian),813110,8661,,,,,http://www.guidestar.org/profile/84-3327707,,,,,,,,,,,,,,,,,,,,,,,,,,,,,,,,,,,,,,,
1 Team,84-3367673,,,2020,,,15255 Eastvale Rd,,Poway,CA,San Diego,92064,,,501(c)(3) Public Charity,Youth organizing,,,O50 (Youth Development Programs),813410,8641,8699,,,,http://www.guidestar.org/profile/84-3367673,,,,,,,,,,,,,,,,,,,,,,,,,,,,,,,,,,,,,,,
10 Less Inc,84-3372138,,,2020,,,4296 1/2 Candlelight Ln,,Liverpool,NY,Onondaga,13090,,,501(c)(3) Public Charity,Youth organizing,,,O50 (Youth Development Programs),813410,8641,8699,,,,http://www.guidestar.org/profile/84-3372138,,,,,,,,,,,,,,,,,,,,,,,,,,,,,,,,,,,,,,,
1000 Lighthouses,84-3399985,1/1/2019,12/31/2019,2019,2019,990EZ,3905 Star Rise Pt,,Colorado Springs,CO,El Paso,80904,913-207-9164,N/A,501(c)(3) Public Charity,Christianity,,,X20 (Christian),813110,8661,,,,ERICKSON BROWN & KLOSTER PC,http://www.guidestar.org/profile/84-3399985,,"$36,813 ","$36,813 ",,"$36,813 ",,,,"$57,550 ","$57,550 ",,"$57,550 ",,,,,,,,"$20,737 ",,,,,,,,,,,,,,,,,,,
1 Meal at A Time Inc,84-3464855,,,2019,,,9822 S Normal Ave,,Chicago,IL,Cook,60628,,,501(c)(3) Public Charity,Human services,,,P20 (Human Service Organizations),624190,8322,,,,,http://www.guidestar.org/profile/84-3464855,,,,,,,,,,,,,,,,,,,,,,,,,,,,,,,,,,,,,,,
1 Family Hoops Inc,84-3657247,,,2020,,,9212 Summit Centre Way Apt 306,,Orlando,FL,Orange,32810,,,501(c)(3) Public Charity,Basketball,,,N62 (Basketball),713990,7911,7993,,,,http://www.guidestar.org/profile/84-3657247,,,,,,,,,,,,,,,,,,,,,,,,,,,,,,,,,,,,,,,
01 Labs Inc,84-3859290,,,2020,,,55 SE 6th St,,Miami,FL,Miami-Dade,33131,,,501(c)(3) Public Charity,Education,,,B99 (Education N.E.C.),611,,,,,,http://www.guidestar.org/profile/84-3859290,,,,,,,,,,,,,,,,,,,,,,,,,,,,,,,,,,,,,,,
10000 Minutes,84-3963502,,,2020,,,700 12th Ave S Unit 200,,Nashville,TN,Davidson,37203,,,501(c)(3) Public Charity,Religion,,,"X99 (Religion Related, Spiritual Development N.E.C.)",813110,8661,,,,,http://www.guidestar.org/profile/84-3963502,,,,,,,,,,,,,,,,,,,,,,,,,,,,,,,,,,,,,,,
"1018 Strategy, Inc",84-4150615,,,2020,,,"705 B SE Melody Lane, #114",,Lees Summit,MO,Jackson,64063,(816) 295-8800,https://1018strategy.org,501(c)(3) Public Charity,Foster care,Youth services,,P32 (Foster Care),624110,8322,,,,,http://www.guidestar.org/profile/84-4150615,,,,,,,,,,,,,,,,,,,,,,,,,,,,,,,,,,,,Katie Fetzer ,President & Co-Founder,katie.fetzer@1018strategy.org,
100Girlsleading,84-4191153,,,2020,,,PO Box 461,,Bridgeport,CT,Fairfield,06601,,,501(c)(3) Public Charity,Youth services,,,P30 (Children's and Youth Services),624110,8322,,,,,http://www.guidestar.org/profile/84-4191153,,,,,,,,,,,,,,,,,,,,,,,,,,,,,,,,,,,,,,,
1 in 7B Foundation,84-4436370,,,2020,,,162 Walnut Run Rd,,Landenberg,PA,Chester,19350,,,501(c)(3) Public Charity,Homeless services,,,P85 (Homeless Services/Centers),624190,8322,,,,,http://www.guidestar.org/profile/84-4436370,,,,,,,,,,,,,,,,,,,,,,,,,,,,,,,,,,,,,,,
100Million House,84-4621705,,,2020,,,1816 Abilene Ct,,Elizabeth,CO,Elbert,80107,,,501(c)(3) Public Charity,Interfaith,,,X90 (Interfaith Issues),813110,8661,,,,,http://www.guidestar.org/profile/84-4621705,,,,,,,,,,,,,,,,,,,,,,,,,,,,,,,,,,,,,,,
1042 Fund,84-4877491,,,2020,,,PO BOX 1101,,FLAGLER BEACH,FL,Flagler,32136,,,501(c)(3) Private Nonoperating Foundation,Public affairs,,,W12 (Fund Raising and/or Fund Distribution),813219,8399,,,,,http://www.guidestar.org/profile/84-4877491,,,,,,,,,,,,,,,,,,,,,,,,,,,,,,,,,,,,,,,
100 Academy Panther Foundation,84-4905130,,,2020,,,2341,,North Las Vegas,NV,Clark,89032,,,501(c)(3) Public Charity,Community service for youth,,,O51 (Youth Community Service Clubs),813410,8641,8699,,,,http://www.guidestar.org/profile/84-4905130,,,,,,,,,,,,,,,,,,,,,,,,,,,,,,,,,,,,,,,
100 Plus Men On A Mission-Red Rock,84-4941219,,,2020,,,PO Box 858,,Pella,IA,Marion,50219,,,501(c)(3) Private Nonoperating Foundation,Philanthropy,,,T50 (Philanthropy / Charity / Voluntarism Promotion (General)),813219,8399,,,,,http://www.guidestar.org/profile/84-4941219,,,,,,,,,,,,,,,,,,,,,,,,,,,,,,,,,,,,,,,
1-2 Many Ministries,84-5055894,,,2020,,,PO BOX 14742,,LENEXA,KS,Johnson,66285,,,501(c)(3) Public Charity,Victim aid,,,P62 (Victims' Services),624190,8322,,,,,http://www.guidestar.org/profile/84-5055894,,,,,,,,,,,,,,,,,,,,,,,,,,,,,,,,,,,,,,,
1 John 3 18,84-5058809,,,2020,,,415 Conrad,,Buffalo,WY,Johnson,82834,,,501(c)(3) Private Nonoperating Foundation,Education,,,B99 (Education N.E.C.),611,,,,,,http://www.guidestar.org/profile/84-5058809,,,,,,,,,,,,,,,,,,,,,,,,,,,,,,,,,,,,,,,
1 Sound Ministries International,84-5136520,,,2020,,,181 W BOYLSTON ST,,WEST BOYLSTON,MA,Worcester,01583,,,501(c)(3) Public Charity,Protestantism,,,X21 (Protestant),813110,8661,,,,,http://www.guidestar.org/profile/84-5136520,,,,,,,,,,,,,,,,,,,,,,,,,,,,,,,,,,,,,,,
1000 Friends of New Mexico,85-0431150,,,1995,,,PO Box 26176,,Albuquerque,NM,Bernalillo,87125,,www.1000friends-nm.org,501(c)(3) Public Charity,Environment,Community organizing,,C01 (Alliance/Advocacy Organizations),813319,8399,8641,,,,http://www.guidestar.org/profile/85-0431150,http://www.guidestar.org/FinDocuments/2008/850/431/2008-850431150-04ad87e9-9.pdf,,,,,,,,,,,,,,,,,,,,,,,,,,,,,,,,,,Mr. Gabriel Nims ,Gabriel Nims ,Executive Director,admin@1000friends-nm.org,
1 Heart,85-0501731,,,2020,,,348 LIVE OAKS DR,,MILLBROOK,AL,Elmore,36054,,,501(c)(3) Public Charity,Education,,,B12 (Fund Raising and/or Fund Distribution),813219,8399,,,,,http://www.guidestar.org/profile/85-0501731,,,,,,,,,,,,,,,,,,,,,,,,,,,,,,,,,,,,,,,
1 Collective,85-0883364,,,2020,,,9805b York Rd Ste 103,,Cockeysville,MD,Baltimore,21030,,,501(c)(3) Public Charity,Sexual abuse,,,"I73 (Sexual Abuse, Prevention of)",813319,8399,8641,,,,http://www.guidestar.org/profile/85-0883364,,,,,,,,,,,,,,,,,,,,,,,,,,,,,,,,,,,,,,,
10 8 Inservice Inc,85-1007607,,,2020,,,PO BOX 4016,,ASHBURN,VA,Loudoun,20148,,,501(c)(3) Public Charity,Youth organizing,,,O50 (Youth Development Programs),813410,8641,8699,,,,http://www.guidestar.org/profile/85-1007607,,,,,,,,,,,,,,,,,,,,,,,,,,,,,,,,,,,,,,,
1000 Ties,85-1072939,,,2020,,,1420 Richmond Rd Apt M5,,Cleveland,OH,Cuyahoga,44124,,,501(c)(3) Public Charity,Youth organizing,,,B99 (Education N.E.C.),611,,,,,,http://www.guidestar.org/profile/85-1072939,,,,,,,,,,,,,,,,,,,,,,,,,,,,,,,,,,,,,,,
1 Liffe,85-1122339,,,2020,,,1221 40TH ST APT 309,,EMERYVILLE,CA,Alameda,94608,,,501(c)(3) Public Charity,Philanthropy,,,T50 (Philanthropy / Charity / Voluntarism Promotion (General)),813219,8399,,,,,http://www.guidestar.org/profile/85-1122339,,,,,,,,,,,,,,,,,,,,,,,,,,,,,,,,,,,,,,,
1 Health Arts and Sciences,85-1346093,,,2020,,,5000 Apache St,,College Park,MD,Prince Georges,20740,,,501(c)(3) Private Nonoperating Foundation,Visual arts,,,B99 (Education N.E.C.),611,,,,,,http://www.guidestar.org/profile/85-1346093,,,,,,,,,,,,,,,,,,,,,,,,,,,,,,,,,,,,,,,
100Kids Inc,85-1383404,,,2020,,,192 CLINTON AVE APT 3H,,JERSEY CITY,NJ,Hudson,07304,,,501(c)(3) Public Charity,Youth organizing,,,O50 (Youth Development Programs),813410,8641,8699,,,,http://www.guidestar.org/profile/85-1383404,,,,,,,,,,,,,,,,,,,,,,,,,,,,,,,,,,,,,,,
1000 in Action,85-1536666,,,2020,,,PO BOX 24,,FAIRFIELD,MT,Teton,59436,,,501(c)(3) Public Charity,Human services,,,P12 (Fund Raising and/or Fund Distribution),813219,8399,,,,,http://www.guidestar.org/profile/85-1536666,,,,,,,,,,,,,,,,,,,,,,,,,,,,,,,,,,,,,,,
1 Oak Inc,85-1636747,,,2020,,,PO Box 310294,,Flint,MI,Genesee,48531,,,501(c)(3) Public Charity,Community service for youth,,,O51 (Youth Community Service Clubs),813410,8641,8699,,,,http://www.guidestar.org/profile/85-1636747,,,,,,,,,,,,,,,,,,,,,,,,,,,,,,,,,,,,,,,
1 Vote Counts,85-1853336,,,2020,,,213 State St Ste 403,,Harrisburg,PA,Dauphin,17101,,,501(c)(3) Public Charity,Education,,,B01 (Alliance/Advocacy Organizations),813319,8399,8641,,,,http://www.guidestar.org/profile/85-1853336,,,,,,,,,,,,,,,,,,,,,,,,,,,,,,,,,,,,,,,
1 Foundation Inc,85-2234913,,,2020,,,63464 260TH ST,,LITCHFIELD,MN,Meeker,55355,,,501(c)(3) Public Charity,Education,,,"B82 (Scholarships, Student Financial Aid, Awards)",813410,8641,8699,,,,http://www.guidestar.org/profile/85-2234913,,,,,,,,,,,,,,,,,,,,,,,,,,,,,,,,,,,,,,,
100 Women of Harvey,85-2312966,,,2020,,,14523 VINE AVE,,HARVEY,IL,Cook,60426,,,501(c)(3) Public Charity,Arts and culture,,,A19 (Nonmonetary Support N.E.C.),813219,8399,,,,,http://www.guidestar.org/profile/85-2312966,,,,,,,,,,,,,,,,,,,,,,,,,,,,,,,,,,,,,,,
1 Tail at A Time,85-2436339,,,2020,,,274 Riata Rd,,Tularosa,NM,Otero,88352,,,501(c)(3) Public Charity,Animal welfare,,,D20 (Animal Protection and Welfare (includes Humane Societies and SPCAs)),813312,8399,8699,,,,http://www.guidestar.org/profile/85-2436339,,,,,,,,,,,,,,,,,,,,,,,,,,,,,,,,,,,,,,,
100 Black Men of Phoenix,86-0715610,1/1/2018,12/31/2018,1997,2018,990EZ,4600 E Washington St,,Phoenix,AZ,Maricopa,85034,602-577-7315,N/A,501(c)(3) Public Charity,Community service,,,"O20 (Youth Centers, Clubs, (includes Boys/Girls Clubs)- Multipurpose)",624110,8322,,,,MARISA AMAN,http://www.guidestar.org/profile/86-0715610,http://www.guidestar.org/FinDocuments/2018/860/715/2018-860715610-17073075-Z.pdf,"$10,717 ","$10,717 ",,"$10,717 ",,,,"$17,428 ","$17,428 ",$0 ,$0 ,,$0 ,$0 ,"$17,428 ",,,,"$22,383 ",,,,,,,,,,,,,,,,,,,
1027 Church Inc,86-1077487,,,1964,,,PO Box 8095,,Atlanta,GA,Fulton,31106,,,501(c)(3) Public Charity,Christianity,,,X20 (Christian),813110,8661,,,,,http://www.guidestar.org/profile/86-1077487,,,,,,,,,,,,,,,,,,,,,,,,,,,,,,,,,,,,,,,
100 Black Men of Las Vegas Inc,88-0474862,1/1/2019,12/31/2019,2007,2019,990,PO Box 271296,,Las Vegas,NV,Clark,89127,702-720-1273,WWW.100BLACKMENLASVEGAS.COM,501(c)(3) Public Charity,Community service,,,P20 (Human Service Organizations),624190,8322,,N,,HAYES & ASSOCIATES LLC,http://www.guidestar.org/profile/88-0474862,http://www.guidestar.org/FinDocuments/2018/880/474/2018-880474862-10d7d289-Z.pdf,"$78,020 ","$78,020 ",,"$78,020 ",,,"$78,020 ","$67,947 ","$236,005 ",$216 ,"$172,737 ",,"($105,006)",,,$0 ,$0 ,,"$59,009 ","$54,432 ","$4,577 ",$0 ,,$375 ,,"$3,560 ",,,,,,,DARRYL RAIFORD,,,,,0
1001 Voices for A D D Spectrum,88-0491245,,,2001,,,2373 Renaissance Dr Ste A,,Las Vegas,NV,Clark,89119,,,501(c)(3) Public Charity,Diseases and conditions,,,"G99 (Diseases, Disorders, Medical Disciplines N.E.C.)",813212,8399,,,,,http://www.guidestar.org/profile/88-0491245,http://www.guidestar.org/FinDocuments/2004/880/491/2004-880491245-1-Z.pdf,,,,,,,,,,,,,,,,,,,,,,,,,,,,,,,,,,,,,,
1 FOX 2 PRODUCTIONS INC,90-0070372,1/1/2015,12/31/2015,2015,2015,990,7901 Cameron Rd,,Austin,TX,Travis,78754,(512) 987-8242,www.1f2p.org,501(c)(3) Public Charity,Arts and culture,Impaired driving,Community improvement,"S20 (Community, Neighborhood Development, Improvement)",813410,8641,8699,N,N,"PETER EJIRIKA, CPA",http://www.guidestar.org/profile/90-0070372,http://www.guidestar.org/FinDocuments/2015/900/070/2015-900070372-0ca6546d-9.pdf,"$29,960 ","$7,397 ",,"$13,360 ",,,"$13,360 ","$229,212 ","$229,212 ",,"$60,000 ",,,,"$229,212 ",,$0 ,,"$214,462 ","$214,462 ",,,,,,,,,,,,,Jackie Harrington,Deborah Gloude ,Deborah Gloude ,Presidnet ,Jfox2c@aol.com,3
05581 Optimist Club of Chrisney in,90-0223146,,,1958,,,311 N Church St,,Chrisney,IN,Spencer,47611,,,501(c)(4) (Civic Leagues and Social Welfare Organizations),Education,,,B99 (Education N.E.C.),611,,,,,,http://www.guidestar.org/profile/90-0223146,,,,,,,,,,,,,,,,,,,,,,,,,,,,,,,,,,,,,,,
10 Region,90-0247571,,,1941,,,9117 Roach Ave,,Brookfield,IL,Cook,60513,,,501(c)(8) (Fraternal Beneficiary Societies),Education,,,B99 (Education N.E.C.),611,,,,,,http://www.guidestar.org/profile/90-0247571,,,,,,,,,,,,,,,,,,,,,,,,,,,,,,,,,,,,,,,
1 Baltimore Inc,90-0417081,,,2009,,,4702 Parkside Dr,,Baltimore,MD,Baltimore City,21206,,,501(c)(3) Public Charity,Human services,,,P20 (Human Service Organizations),624190,8322,,,,,http://www.guidestar.org/profile/90-0417081,,,,,,,,,,,,,,,,,,,,,,,,,,,,,,,,,,,,,,,
0240 Assembly,90-0504552,,,1941,,,14327 W Monte Vista Rd,,Goodyear,AZ,Maricopa,85395,,,501(c)(8) (Fraternal Beneficiary Societies),Education,,,B99 (Education N.E.C.),611,,,,,,http://www.guidestar.org/profile/90-0504552,,,,,,,,,,,,,,,,,,,,,,,,,,,,,,,,,,,,,,,
100 Black Men of the Bay Area Charter Schools,90-0681931,7/1/2012,6/30/2013,2012,2012,990,Community School,,Oakland,CA,Alameda,94605,510-763-3661,WWW.THE100SCHOOLS.COM,501(c)(3) Public Charity,Charter school education,,,B29 (Charter Schools),611110,8211,,N,,"G TURNER & ASSOCIATES, LLC",http://www.guidestar.org/profile/90-0681931,http://www.guidestar.org/FinDocuments/2013/900/681/2013-900681931-0a5eb4be-9.pdf,"$106,177 ","$62,627 ",,"($162,594)",,,,"$995,695 ","$995,695 ",$125 ,"$995,570 ","$982,026 ",,,,"$268,771 ",$0 ,,"$1,170,959 ","$1,170,959 ",$0 ,$0 ,,$425 ,,"$14,441 ",$52 ,,,"$31,584 ",,,EL MELECH STILLS,,,,,0
100REPORTERS,90-0702671,1/1/2018,12/31/2018,2013,2018,990,910 17th St NW,Ste 700,Washington,DC,District of Columbia,20006,(202) 683-6481,www.100r.org,501(c)(3) Public Charity,Communication media,Film and video,Civic participation,W24 (Citizen Participation),813410,8641,8699,N,,Beverly Orr,http://www.guidestar.org/profile/90-0702671,http://www.guidestar.org/FinDocuments/2018/900/702/2018-900702671-17148820-9.pdf,"$123,580 ","$44,222 ",$0 ,"$42,383 ","$101,630 ",$0 ,"($59,247)","$532,498 ","$532,498 ",$0 ,"$483,529 ",$0 ,$0 ,$0 ,"$48,969 ","$81,197 ",$0 ,,"$476,902 ","$439,240 ","$21,210 ","$16,452 ","$3,451 ","$2,401 ","$3,811 ","$7,913 ",$88 ,$0 ,$0 ,$0 ,,$0 ,Diana Schemo,Diana Jean Schemo ,Diana Jean Schemo ,Executive Editor,djschemo@100R.org,1
1 Giant Step Inc,90-0717994,,,2013,,,10 Riverbank Rd,,Maynard,MA,Middlesex,01754,,,501(c)(3) Private Nonoperating Foundation,Education,,,"B82 (Scholarships, Student Financial Aid, Awards)",813410,8641,8699,,,,http://www.guidestar.org/profile/90-0717994,,,,,,,,,,,,,,,,,,,,,,,,,,,,,,,,,,,,,,,
101 Black Women,91-1295477,,,1986,,,PO Box 84574,,Seattle,WA,King,98124,,,501(c)(3) Public Charity,Education,,,B99 (Education N.E.C.),611,,,,,,http://www.guidestar.org/profile/91-1295477,,,,,,,,,,,,,,,,,,,,,,,,,,,,,,,,,,,,,,,
1-7-2 Parent Teacher Student Association,91-1488623,,,1991,,,25142 Waghorn Rd NW,,Poulsbo,WA,Kitsap,98370,,,501(c)(3) Public Charity,Parent-teacher involvement,,,B94 (Parent Teacher Group),813410,8641,8699,,,,http://www.guidestar.org/profile/91-1488623,http://www.guidestar.org/FinDocuments/2012/911/488/2012-911488623-09058229-Z.pdf,,,,,,,,,,,,,,,,,,,,,,,,,,,,,,,,,,,,,,
10000 Years Institute,91-1564746,1/1/2018,12/31/2018,1993,2018,990,PO Box 1742,,Port Townsend,WA,Jefferson,98368,360-301-4306,WWW.10000YEARSINSTITUTE.ORG,501(c)(3) Public Charity,Wildlife biodiversity,,,Z99 (Unknown),,,,N,,JACOBSON JARVIS & CO PLLC,http://www.guidestar.org/profile/91-1564746,http://www.guidestar.org/FinDocuments/2018/911/564/2018-911564746-17023710-9.pdf,"$87,188 ","$40,772 ",,"$15,260 ",,,"$15,260 ","$422,336 ","$422,336 ",,"$405,939 ","$404,875 ",,,"$16,397 ","$71,928 ",$0 ,,"$417,394 ","$397,756 ","$19,561 ",$77 ,"$22,118 ",,,,,,,,,,JILL SILVER,,,,,23
1-900 National Gun Buy Back Foundation,91-1628031,,,1994,,,PO Box 31070,,Seattle,WA,King,98103,,,501(c)(3) Public Charity,Education,,,B99 (Education N.E.C.),611,,,,,,http://www.guidestar.org/profile/91-1628031,,,,,,,,,,,,,,,,,,,,,,,,,,,,,,,,,,,,,,,
100 Moons Circles,91-1689763,,,1995,,,5235 21st Ave NE,,Seattle,WA,King,98105,,,501(c)(3) Public Charity,Arts and culture,,,"A99 (Other Art, Culture, Humanities Organizations/Services N.E.C.)",71,,,,,,http://www.guidestar.org/profile/91-1689763,,,,,,,,,,,,,,,,,,,,,,,,,,,,,,,,,,,,,,,
1 Sea Belles Bellevue,91-1868414,,,1949,,,10901 176th Cir NE # 1318,,Redmond,WA,King,98052,,,501(c)(3) Public Charity,Safety education,,,M40 (Safety Education),624230,8322,,,,,http://www.guidestar.org/profile/91-1868414,,,,,,,,,,,,,,,,,,,,,,,,,,,,,,,,,,,,,,,
100 North Riverside LLC,91-1906945,,,1998,,,3424 Peachtree Rd NE Ste 800,,Atlanta,GA,Fulton,30326,,,"501(c)(25) (Title Holding Corporations for Multiple Organizations (Pensions, etc.))",Education,,,B99 (Education N.E.C.),611,,,,,,http://www.guidestar.org/profile/91-1906945,http://www.guidestar.org/FinDocuments/2004/911/906/2004-911906945-01b904ac-9.pdf,,,,,,,,,,,,,,,,,,,,,,,,,,,,,,,,,,,,,,
100 Treetops Lane Investment Group LLC,91-2061842,1/1/2017,12/31/2017,2001,2017,990,1251 Avenue of The Americas Fl 35,,New York,NY,New York,10020,212-408-2982,N/A,"501(c)(25) (Title Holding Corporations for Multiple Organizations (Pensions, etc.))",Real estate,,,S47 (Real Estate Organizations),531390,6531,,N,,SRE TAX SERVICES INC CO SENTINEL,http://www.guidestar.org/profile/91-2061842,http://www.guidestar.org/FinDocuments/2018/912/061/2018-912061842-11674a8a-9O.pdf,"$44,575,456 ","$649,384 ",,"$44,407,138 ",,,,"$3,427,802 ","$3,427,802 ",,,,,,"$3,427,802 ","$168,318 ",$0 ,,"$1,398,339 ",,,,,"$30,286 ",,"$42,977 ",,"$225,562 ",,,,,LELAND ROTH,,,,,0
1% For The Planet Inc,91-2151932,1/1/2018,12/31/2018,2006,2018,990,47 Maple St Ste 103,,Burlington,VT,Chittenden,05401,(802) 861-0460,www.onepercentfortheplanet.org,501(c)(3) Public Charity,Philanthropy,Environment,Business and industry,"Y03 (Professional Societies, Associations)",813920,8621,,N,,GALLAGHER FLYNN & COMPANY LLP,http://www.guidestar.org/profile/91-2151932,http://www.guidestar.org/FinDocuments/2018/912/151/2018-912151932-16992276-9.pdf,"$1,571,772 ","$1,085,615 ",,"$1,233,595 ","$293,757 ",,"$939,838 ","$2,085,201 ","$2,085,201 ",$830 ,"$968,264 ",,,,"$1,088,584 ","$338,177 ",$0 ,,"$1,657,499 ","$1,236,914 ","$235,288 ","$185,297 ","$88,069 ","$11,915 ","$18,796 ","$2,374 ",,,"$16,166 ","$30,848 ",,,KATE WILLIAMS,Mrs. Kate Williams ,Ms. Tracy Townshend ,Director of Development,tracy@onepercentfortheplanet.org,20
1011 Foundation Inc,91-2168491,1/1/2018,12/31/2018,2001,2018,990PF,3435 Ocean Park Blvd Ste 107,Pmb K,Santa Monica,CA,Los Angeles,90405,310-479-1890,,501(c)(3) Private Nonoperating Foundation,Foundations,,,T20 (Private Grantmaking Foundations),813211,6732,,,,,http://www.guidestar.org/profile/91-2168491,http://www.guidestar.org/FinDocuments/2018/912/168/2018-912168491-109eef20-F.pdf,"$52,442,405 ","$1,448,575 ","$50,846,268 ","$52,442,405 ",,,,"$390,097 ","$390,097 ","$377,463 ","$963,432 ",,,,,$0 ,,,"$1,004,476 ",,,,"$8,569 ",,,,,,"$9,536 ",,,,,,,,,
100 Club of Grundy County N F P,91-2199223,,,2015,,,105 E Main St Ste 206,,Morris,IL,Grundy,60450,,,501(c)(3) Public Charity,Police agencies,,,I60 (Law Enforcement Agencies (Police Departments)),541199,7389,,,,,http://www.guidestar.org/profile/91-2199223,,,,,,,,,,,,,,,,,,,,,,,,,,,,,,,,,,,,,,,
101 Club,91-6004963,7/1/2017,6/30/2018,1938,2017,990EZ,PO Box 1709,,Seattle,WA,King,98111,206-464-3083,,501(c)(7) (Social and Recreation Clubs),Unknown or not classified,,,"N60 (Amateur Sports Clubs, Leagues, N.E.C.)",713990,7911,7993,,,,http://www.guidestar.org/profile/91-6004963,http://www.guidestar.org/FinDocuments/2018/916/004/2018-916004963-10deb431-ZO.pdf,"$14,885 ",,,"$14,885 ",,,,"$62,875 ",,,"$62,875 ",,,,,,,,"$58,258 ",,,,,,,,,,,,"$2,016 ",,,,,,,
1000 FRIENDS OF OREGON,93-0642086,4/1/2019,3/31/2020,1975,2019,990,PO Box 40367,,Portland,OR,Multnomah,97240,(503) 497-1000,https://friends.org/,501(c)(3) Public Charity,Farmlands,Community and economic development,Environment,C01 (Alliance/Advocacy Organizations),813319,8399,8641,N,,MCDONALD JACOBS PC,http://www.guidestar.org/profile/93-0642086,http://www.guidestar.org/FinDocuments/2019/930/642/2019-930642086-111c55df-9.pdf,"$4,011,867 ","$588,902 ","$3,212,741 ","$3,966,190 ",,,"$1,652,657 ","$1,530,877 ","$1,691,261 ","$39,548 ","$1,477,464 ",,"($7,352)",,,"$45,677 ",$0 ,,"$1,564,775 ","$1,035,228 ","$222,344 ","$307,203 ","$39,932 ",,"$19,880 ","$4,403 ",,"$21,024 ","$21,681 ","$7,405 ",,,RUSSELL HOEFLICH,Russ Hoeflich ,Sean Carpenter ,Communications & Media Relations Manager,sean@friends.org,22
100Th Bomb Group Foundation Inc,93-0917084,1/1/2018,12/31/2018,1987,2018,990EZ,2 Oliver St,,Boston,MA,Suffolk,02109,248-608-2401,www.100thbg.com,501(c)(3) Public Charity,Historical activities,,,A80 (Historical Societies and Related Activities),712120,8412,,,N,,http://www.guidestar.org/profile/93-0917084,http://www.guidestar.org/FinDocuments/2018/930/917/2018-930917084-10cba16c-Z.pdf,"$393,406 ","$393,406 ",,"$393,406 ",,,,"$113,589 ",,"$19,483 ","$91,084 ",,$30 ,"$2,602 ",,$0 ,,,"$42,502 ",,,,,,,,,,,,"$8,241 ",,,,,,,
1000 Friends of Oregon Foundation,93-1156011,4/1/2011,3/31/2012,1995,2011,990,133 SW 2nd Ave Ste 201,,Portland,OR,Multnomah,97204,503-497-1000,,501(c)(3) Public Charity,Environment,,,C11 (Single Organization Support),813219,8399,,N,,,http://www.guidestar.org/profile/93-1156011,http://www.guidestar.org/FinDocuments/2012/931/156/2012-931156011-090a4274-9.pdf,$0 ,$0 ,$0 ,$0 ,$0 ,$0 ,$0 ,"($42,413)","$32,275 ","$32,275 ",,,,,,$0 ,$0 ,,"$2,511,155 ","$2,498,913 ","$12,242 ",$0 ,,,,,,"$12,242 ",,,,,JASON MINER,,,,,0
00141 Local,94-0507697,,,1940,,,608 E Baltimore Pike,,Media,PA,Delaware,19063,,,"501(c)(5) (Labor, Agricultural and Horticultural Organizations)",Organized labor,,,J40 (Labor Unions/Organizations),813930,8631,,,,,http://www.guidestar.org/profile/94-0507697,http://www.guidestar.org/FinDocuments/2011/940/507/2011-940507697-081d8d49-ZO.pdf,,,,,,,,,,,,,,,,,,,,,,,,,,,,,,,,,,,,,,
00142 Local,94-1411279,,,1940,,,608 E Baltimore Pike,,Media,PA,Delaware,19063,,,"501(c)(5) (Labor, Agricultural and Horticultural Organizations)",Organized labor,,,J40 (Labor Unions/Organizations),813930,8631,,,,,http://www.guidestar.org/profile/94-1411279,http://www.guidestar.org/FinDocuments/2015/941/411/2015-941411279-0ca61acc-ZO.pdf,,,,,,,,,,,,,,,,,,,,,,,,,,,,,,,,,,,,,,
100 Black Men of Sacramento Inc,94-1698065,7/1/2013,6/30/2014,1973,2013,990EZ,1618 Alhambra Blvd,,Sacramento,CA,Sacramento,95816,916-428-8203,www.100blackmenofsacramento.org,501(c)(3) Public Charity,Community service,,,S82 (Men's Service Clubs),813410,8641,8699,,,,http://www.guidestar.org/profile/94-1698065,http://www.guidestar.org/FinDocuments/2014/941/698/2014-941698065-0aa9448a-Z.pdf,"$22,655 ","$22,655 ",,"$22,655 ",,,,"$94,805 ","$94,805 ",$0 ,"$94,805 ",,$0 ,$0 ,$0 ,$0 ,,,"$73,260 ",,,,,,,,,,,,$0 ,,,,,,,
101 Doll & Study Club C/O H Hersh,94-2451855,,,1978,,,6 Adrian Way,,San Rafael,CA,Marin,94903,,,501(c)(3) Public Charity,Education,,,B99 (Education N.E.C.),611,,,,,,http://www.guidestar.org/profile/94-2451855,,,,,,,,,,,,,,,,,,,,,,,,,,,,,,,,,,,,,,,
1-2-3 Dance,94-2476590,,,1978,,,1210 E Laird Ave,,Salt Lake City,UT,Salt Lake,84105,,,501(c)(3) Public Charity,Education,,,B99 (Education N.E.C.),611,,,,,,http://www.guidestar.org/profile/94-2476590,,,,,,,,,,,,,,,,,,,,,,,,,,,,,,,,,,,,,,,
'Lawyers Committee for Civil Rights of the San Francisco Bay Area,94-2581415,7/1/2018,6/30/2019,1979,2018,990,131 Steuart St Ste 400,,San Francisco,CA,San Francisco,94105,(415) 543-9444,http://www.lccrsf.org,501(c)(3) Public Charity,Right to free movement and asylum,Diversity and intergroup relations,Public interest law,"R20 (Civil Rights, Advocacy for Specific Groups)",813311,8399,,N,N,Crosby & Kaneda CPAs LLP,http://www.guidestar.org/profile/94-2581415,http://www.guidestar.org/FinDocuments/2018/942/581/2018-942581415-1070bc04-9.pdf,"$2,196,139 ","$252,333 ","$1,872,832 ","$2,015,670 ","$185,032 ",,"$1,830,638 ","$2,392,211 ","$2,476,709 ","$77,649 ","$2,162,271 ","$616,746 ","($26,073)",$0 ,"$178,364 ","$180,469 ",$0 ,,"$2,630,799 ","$1,923,214 ","$371,868 ","$335,717 ","$20,666 ",$0 ,"$20,151 ","$21,250 ",$0 ,$0 ,"$5,404 ","$6,885 ",,"$72,480 ",Monika Varma,Ms. Monika Kalra Varma ,Monika Kalra Varma ,Executive Director,mvarma@lccrsf.org,28
100 Spear Street Owners Corp,94-3001086,1/1/2016,7/28/2016,1987,2016,990,230 Park Ave Fl 12,,New York,NY,New York,10169,212-883-2527,N/A,501(c)(2) (Title Holding Corporation),Education,,,B99 (Education N.E.C.),611,,,N,,PRICEWATERHOUSECOOPERS LLP,http://www.guidestar.org/profile/94-3001086,http://www.guidestar.org/FinDocuments/2016/943/001/2016-943001086-0e7117e7-9O.pdf,$0 ,$0 ,$0 ,$0 ,,,,$0 ,$0 ,$0 ,$0 ,,$0 ,$0 ,$0 ,$0 ,$0 ,$0 ,"$10,771 ","$10,771 ",,,$0 ,$0 ,$0 ,$0 ,$0 ,$0 ,$0 ,$0 ,,$0 ,JOSEPH STEBLAY,,,,,0
100 Club of Washington Inc,94-3030974,,,1993,,,1001 4th Ave Ste 3200,,Seattle,WA,King,98154,,,501(c)(3) Public Charity,Education,,,B99 (Education N.E.C.),611,,,,,,http://www.guidestar.org/profile/94-3030974,,,,,,,,,,,,,,,,,,,,,,,,,,,,,,,,,,,,,,,
100 Black Men of The Bay Area,94-3065997,11/1/2017,10/31/2018,1993,2017,990,1807 Martin Luther King Jr Way,,Oakland,CA,Alameda,94612,(510) 763-3661,https://www.100blackmenba.org,501(c)(3) Public Charity,Public affairs,Youth organizing,Community service,"W99 (Public, Society Benefit - Multipurpose and Other N.E.C.)",813410,8641,8699,N,,"G.TURNER & ASSOCIATES, LLC",http://www.guidestar.org/profile/94-3065997,http://www.guidestar.org/FinDocuments/2018/943/065/2018-943065997-1129e617-9.pdf,"$264,958 ","$252,958 ",,"$263,190 ",,,,"$480,433 ","$480,433 ",,"$480,433 ",,,,,"$1,768 ",$0 ,,"$323,391 ","$102,458 ","$220,933 ",$0 ,"$9,650 ",,,"$4,271 ",,,,,,,LLOYD LAWRENCE,Muhammad A. Nadhiri ,Juanita Metters-Upshur ,Program Manager,office@100blackmenba.org,0
100 Oak Street Corporation,94-3195450,7/1/2017,6/30/2018,1994,2017,990,447 29th St,,Oakland,CA,Alameda,94609,510-350-4527,N/A,501(c)(2) (Title Holding Corporation),Public administration,,,S47 (Real Estate Organizations),531390,6531,,N,,HOOD & STRONG LLP,http://www.guidestar.org/profile/94-3195450,http://www.guidestar.org/FinDocuments/2018/943/195/2018-943195450-10bcc76c-9O.pdf,"$1,053,775 ","$31,845 ",,"$1,053,775 ",,,,$0 ,$0 ,,,,,,,$0 ,$0 ,,"$50,867 ",,,,,,,,,,,,,,ROXANNE SANCHEZ,,,,,0
1010 S Van Ness Inc,94-3242296,1/1/2018,12/31/2018,1997,2018,990EZ,474 Valencia St Ste 280,,San Francisco,CA,San Francisco,94103,415-864-6432,N/A,501(c)(3) Public Charity,Housing development,,,"L20 (Housing Development, Construction, Management)",624229,8322,,,N,Spiteri Narasky & Daley LLP,http://www.guidestar.org/profile/94-3242296,http://www.guidestar.org/FinDocuments/2018/943/242/2018-943242296-11071170-Z.pdf,"$447,259 ",,,"$224,863 ",,,,$627 ,$627 ,$2 ,,,,,$625 ,"$222,396 ",,,$705 ,,,,,,,,,,,,,,,,,,,
1020 Iowa Avenue Inc,94-3341908,1/1/2018,12/31/2018,2001,2018,990,2025 Pioneer Ct,,San Mateo,CA,San Mateo,94403,650-343-6333,N/A,"501(c)(25) (Title Holding Corporations for Multiple Organizations (Pensions, etc.))",Economic development,,,S47 (Real Estate Organizations),531390,6531,,,,MILLER KAPLAN ARASE LLP,http://www.guidestar.org/profile/94-3341908,http://www.guidestar.org/FinDocuments/2018/943/341/2018-943341908-1131adfc-9O.pdf,"$13,269,697 ","$167,193 ",$0 ,"$13,121,071 ",,,,"$514,300 ","$1,285,621 ","$2,323 ",$0 ,,$0 ,$0 ,$0 ,"$148,626 ",$0 ,$0 ,$0 ,,,,$0 ,$0 ,$0 ,$0 ,$0 ,$0 ,$0 ,$0 ,,$0 ,Victor Kwok,,,,,0
1 Act of Random Kindness,94-3473180,,,2015,,,19619 Maple Heights Blvd,,Maple Heights,OH,Cuyahoga,44137,,,501(c)(3) Public Charity,Human services,,,P20 (Human Service Organizations),624190,8322,,,,,http://www.guidestar.org/profile/94-3473180,,,,,,,,,,,,,,,,,,,,,,,,,,,,,,,,,,,,,,,
10-10 Club,95-3131248,,,1977,,,14039 Francisquito Ave,,Baldwin Park,CA,Los Angeles,91706,,,501(c)(4) (Civic Leagues and Social Welfare Organizations),Sports,,,"N60 (Amateur Sports Clubs, Leagues, N.E.C.)",713990,7911,7993,,,,http://www.guidestar.org/profile/95-3131248,http://www.guidestar.org/FinDocuments/2009/953/131/2009-953131248-065d04ae-ZO.pdf,,,,,,,,,,,,,,,,,,,,,,,,,,,,,,,,,,,,,,
"10,000 Degrees",95-3667812,7/1/2018,6/30/2019,1981,2018,990,1650 Los Gamos Dr Ste 110,,San Rafael,CA,Marin,94903,(415) 459-4240,http://www.10000degrees.org/,501(c)(3) Public Charity,Education,Philanthropy,Youth organizing,O50 (Youth Development Programs),813410,8641,8699,N,,SQUAR MILNER LLP,http://www.guidestar.org/profile/95-3667812,http://www.guidestar.org/FinDocuments/2018/953/667/2018-953667812-10d2a7b0-9.pdf,"$16,275,495 ","$8,688,075 ","$1,757,633 ","$15,607,790 ","$12,377,066 ","$1,610,570 ","$1,620,154 ","$12,867,452 ","$13,509,326 ","$66,428 ","$11,999,594 ","$121,200 ","$319,326 ",,"$441,221 ","$667,705 ",$0 ,,"$10,889,321 ","$8,314,590 ","$1,211,527 ","$1,363,204 ","$69,839 ","$113,813 ","$74,950 ","$17,305 ",,,"$11,996 ","$175,833 ",,,KIM MAZZUCA,Ms. Kim Mazzuca ,Kim Mazzuca ,President & CEO,kmazzuca@10000degrees.org,88
100 Black Men of Los Angeles Inc,95-3823082,1/1/2017,12/31/2017,1983,2017,990,4859 W Slauson Ave,,Los Angeles,CA,Los Angeles,90056,(310) 947-7745,www.100bmla.net,501(c)(3) Public Charity,Community improvement,Community service,,"S20 (Community, Neighborhood Development, Improvement)",813410,8641,8699,N,,HBS INC CPAs,http://www.guidestar.org/profile/95-3823082,http://www.guidestar.org/FinDocuments/2017/953/823/2017-953823082-103b2125-9.pdf,"$84,637 ","$79,637 ",,"$37,386 ",,,"$37,386 ","$48,181 ","$48,181 ",$7 ,"$48,043 ",,,,,"$47,251 ",$0 ,,"$57,560 ","$29,415 ","$23,398 ","$4,747 ",,,,"$13,213 ",,,,,,,REV JEWETT L WALKER JR M DIV,Rev. Jewett L. Walker Jr.,Mr. Jewett Walker ,President and Chairman of the Board,jewettwalker@100bmla.net,0
043 Bud & Betty Sparks Coast Guard Chapter of the Reserve Officers,95-4180859,,,2011,,,930 Tahoe Blvd,,Incline Village,NV,Washoe,89451,,,501(c)(19) (Post or Organizations of War Veterans),Special population support,,,W30 (Military/Veterans' Organizations),813410,8641,8699,,,,http://www.guidestar.org/profile/95-4180859,,,,,,,,,,,,,,,,,,,,,,,,,,,,,,,,,,,,,,,
1010 Development Corporation,95-4345495,1/1/2018,12/31/2018,1992,2018,990,1001 S Hope St Ofc,,Los Angeles,CA,Los Angeles,90015,(213) 749-0214,www.1010dev.org,501(c)(3) Public Charity,Family services,Community improvement,Housing development,"L20 (Housing Development, Construction, Management)",624229,8322,,N,,KELLER AND ASSOCIATES LLP,http://www.guidestar.org/profile/95-4345495,http://www.guidestar.org/FinDocuments/2018/954/345/2018-954345495-11291fca-9.pdf,"$4,466,204 ","$90,577 ",,"$717,362 ",,,"$717,362 ","$381,421 ","$381,421 ",,"$5,882 ",,,,"$375,539 ","$3,748,842 ",$0 ,,"$360,789 ","$317,494 ","$43,295 ",$0 ,"$4,000 ",$258 ,,"$5,785 ",,,,"$5,040 ",,,ROBERT M BUENTE,Robert Buente ,Sheena Marie Rodriguez ,Program Director,srodriguez@1010dev.org,12
1010 Senior Housing Corporation,95-4418555,1/1/2019,12/31/2019,1993,2019,990,1001 S Hope St,,Los Angeles,CA,Los Angeles,90015,213-749-0214,N/A,501(c)(3) Public Charity,Shelter and residential care,,,"L20 (Housing Development, Construction, Management)",624229,8322,,Y,,KELLER AND ASSOCIATES LLP,http://www.guidestar.org/profile/95-4418555,http://www.guidestar.org/FinDocuments/2018/954/418/2018-954418555-112941e7-9.pdf,"$4,194,372 ","$26,747 ",,"($8,530,924)",,,"($8,530,924)","$592,964 ","$592,964 ",$478 ,,,,,"$584,013 ","$12,725,296 ","$8,093,500 ",,"$1,040,480 ","$950,745 ","$89,735 ",$0 ,"$10,000 ",,,"$26,972 ","$82,561 ",,,,,,ROBERT M BUENTE,,,,,4
10-20 Club Incorporated,95-4528502,7/1/2018,6/30/2019,2004,2018,990EZ,8221 3rd St,,Downey,CA,Los Angeles,90241,,,501(c)(3) Public Charity,Human services,,,P99 (Human Services - Multipurpose and Other N.E.C.),624190,8322,,,,BottomLine Consultants Inc,http://www.guidestar.org/profile/95-4528502,http://www.guidestar.org/FinDocuments/2019/954/528/2019-954528502-1151f702-Z.pdf,"$23,928 ","$23,928 ",,"$23,928 ",,,,"$66,666 ","$66,666 ",,"$56,025 ",,,,,$0 ,,,"$73,101 ",,,,,,,,,,,,,,,,,,,
1 2 3 Christian Mission,95-4592529,7/1/2018,6/30/2019,1996,2018,990,811 S Manhattan Pl,,Los Angeles,CA,Los Angeles,90005,323-804-6755,N/A,501(c)(3) Public Charity,Christianity,,,X20 (Christian),813110,8661,,N,,Joseph J Chang Tax & Accounting,http://www.guidestar.org/profile/95-4592529,http://www.guidestar.org/FinDocuments/2018/954/592/2018-954592529-116bab3b-Z.pdf,"$8,726 ","$7,909 ",,"$7,139 ",,,"$7,139 ","$233,401 ","$233,401 ",,,,,,"$233,401 ","$1,587 ",$0 ,,"$232,278 ","$25,976 ","$206,302 ",$0 ,$450 ,,,"$4,948 ",,,,,,,,,,,,5
100 Strong Men of Compton,95-4728939,,,1999,,,717 E Hardy St Apt 5,,Inglewood,CA,Los Angeles,90301,,,501(c)(3) Private Nonoperating Foundation,Education,,,B99 (Education N.E.C.),611,,,,,,http://www.guidestar.org/profile/95-4728939,,,,,,,,,,,,,,,,,,,,,,,,,,,,,,,,,,,,,,,
1 Freedom Tax Inc,95-4759889,,,2000,,,5318 Laurel Canyon Blvd Ste 104,,Valley Village,CA,Los Angeles,91607,,,501(c)(3) Public Charity,Unknown or not classified,,,Z99 (Unknown),,,,,,,http://www.guidestar.org/profile/95-4759889,,,,,,,,,,,,,,,,,,,,,,,,,,,,,,,,,,,,,,,
(AAUW) American Association of University Women - Beach Cities Branch,95-6077063,,,2016,,,PO Box 1136,,Manhattan Beach,CA,Los Angeles,90267,,https://beachcities-ca.aauw.net/,501(c)(3) Public Charity,Foundations,Women's rights,Youth development,R24 (Women's Rights),813311,8399,,,,,http://www.guidestar.org/profile/95-6077063,,,,,,,,,,,,,,,,,,,,,,,,,,,,,,,,,,,Vickie Lynn McCorkendale ,Vickie Mccorkendale ,Branch President,vickiemc@vipmail.com,
0030 AMVETS,95-6092785,,,1945,,,120 W Redondo Beach Blvd,,Gardena,CA,Los Angeles,90248,,,501(c)(19) (Post or Organizations of War Veterans),Special population support,,,W30 (Military/Veterans' Organizations),813410,8641,8699,,,,http://www.guidestar.org/profile/95-6092785,http://www.guidestar.org/FinDocuments/2009/956/092/2009-956092785-057b8491-ZO.pdf,,,,,,,,,,,,,,,,,,,,,,,,,,,,,,,,,,,,,,
100 Th Infantry Battalion Veterans,99-0064330,1/1/2018,12/31/2018,1999,2018,990,520 Kamoku St,,Honolulu,HI,Honolulu,96826,808-946-0272,WWW.100THBATTALION.ORG,501(c)(4) (Civic Leagues and Social Welfare Organizations),Special population support,,,W30 (Military/Veterans' Organizations),813410,8641,8699,N,,N&K CPAS INC,http://www.guidestar.org/profile/99-0064330,http://www.guidestar.org/FinDocuments/2017/990/064/2017-990064330-10280ba3-9O.pdf,"$2,413,776 ","$945,345 ","$269,194 ","$2,391,501 ",,,,"$147,464 ","$282,847 ","$12,682 ","$12,029 ",,"($9,779)",,,"$22,275 ",$0 ,,"$129,429 ","$61,487 ","$67,942 ",$0 ,"$13,720 ",$70 ,,"$4,668 ",,"$1,871 ",,,,,ANN KABASAWA,,,,,1
Boy Scouts of America Council,99-0074594,1/1/2018,12/31/2018,1963,2018,990,200 Liholiho St,,Wailuku,HI,Maui,96793,808-244-3724,http://www.bsa.scouting.org/,501(c)(3) Public Charity,Scouting programs,,,O41 (Boy Scouts),813410,8641,8699,N,,Professional Bus Services Inc,http://www.guidestar.org/profile/99-0074594,http://www.guidestar.org/FinDocuments/2017/990/074/2017-990074594-0fd8a4b9-9.pdf,"$3,988,019 ","$175,407 ","$603,301 ","$3,764,001 ","$379,345 ","$492,611 ","$2,892,045 ","$559,263 ","$696,005 ","$16,900 ","$190,909 ",,"$79,251 ","$67,611 ","$204,592 ","$224,018 ","$86,206 ",,"$595,256 ","$522,076 ","$22,798 ","$50,382 ",,"$7,975 ",,"$10,596 ","$2,021 ",,,,,,Brian Kakihara,,Mr. Brian Gray ,,mmoshier@netbsa.org,34
1000 Friends of Kauai,99-0199096,,,1981,,,PO Box 569,,Kilauea,HI,Kauai,96754,,,501(c)(3) Public Charity,Foundations,,,T30 (Public Foundations),813211,6732,,,,,http://www.guidestar.org/profile/99-0199096,http://www.guidestar.org/FinDocuments/2013/990/199/2013-990199096-0b47fa63-Z.pdf,,,,,,,,,,,,,,,,,,,,,,,,,,,,,,,,,,,,,,
100Th Infantry Battalion Legacy Organization,99-0296675,6/1/2018,5/31/2019,1994,2018,990EZ,520 Kamoku St,,Honolulu,HI,Honolulu,96826,808-341-8001,N/A,501(c)(3) Public Charity,Arts and culture,,,"A20 (Arts, Cultural Organizations - Multipurpose)",71,,,,,Doi CPA LLC,http://www.guidestar.org/profile/99-0296675,http://www.guidestar.org/FinDocuments/2018/990/296/2018-990296675-1075b81d-Z.pdf,"$442,113 ","$438,623 ",,"$442,113 ",,,,"$21,160 ","$21,160 ","$8,744 ",$0 ,,$0 ,$0 ,$0 ,,,,"$8,082 ",,,,,,,,,,,,,,,,,,,
